1936 3644
211 269 407 345 sinen
445 262 572 346 v11‘1.
670 292 726 354 ns

53 370 173 448 dentium
184 402 322 446 curarum
332 401 411 461 parte
422 381 572 451 liberatus,
587 380 729 442 convertit

53 467 181 527 animum
204 464 240 524 ad
264 462 447 523 viudicundas
466 460 580 538 injurias
595 479 728 529 eorum,

51 547 146 622 quibus
167 567 185 605 a
205 543 375 623 praetoribus
387 543 442 601 suis
458 559 541 601 avare
561 561 594 601 ac
608 542 727 616 superbe

52 624 255 702 imperabatur.
284 622 362 701 Ergo
384 619 596 696 Phratapherni=
610 617 726 695 Hyrca*-
754 648 756 652 v

49 704 127 764 niam
153 716 183 763 et
205 702 329 763 Mardos
349 722 416 761 curn
436 698 557 775 Tapuris
586 697 723 767 tradidit,

51 783 278 860 mandavitque,
293 797 325 841 ut
337 779 494 840 Phradatem
505 819 516 845 ,
531 777 578 837 cui
590 777 728 836 <suecede-

52 862 115 932 bat‚
135 861 218 923 adse
237 861 270 921 in
289 855 446 920 custodiam
463 856 601 917 mitteret.
624 849 727 914 Arsani

51 934 231 1002 Drancarum
246 939 382 1017 praefecto
397 936 558 998 substitutus
570 951 615 994 est
629 932 724 992 Stasea

52 1034 113 1082 nors
125 1020 249 1081 Arsaces
268 1019 299 1078 in
311 1018 440 1078 Mediam
456 1016 575 1081 missus,
592 1028 625 1073 ut
638 1011 727 1090 Oxy-

52 1097 124 1160 dates
146 1100 215 1159 inde
232 1096 404 1159 discederet.
427 1092 585 1170 Babylonia
608 1107 726 1152 mortuo
777 1090 785 1125 ²

50 1175 159 1240 Mazaeo
170 1176 362 1238 Dedieameni
374 1174 499 1250 subjecta
512 1189 576 1233 est.¹
612 1226 614 1229 ,

86 1257 162 1320 Cre.
174 1257 232 1319 lV.
246 1256 303 1317 His
314 1253 478 1331 compositis
487 1252 571 1312 tertio
582 1268 679 1310 mense
690 1268 726 1310 ex
795 1266 798 1271 ’
811 1312 814 1317 ,

52 1329 469 1411 hibernisrnovitenercitum,
486 1332 651 1412 regionem,
664 1346 726 1406 quae
833 1356 836 1363 ¹

54 1409 167 1496 Gabapa
186 1416 371 1493 appellatur,
391 1411 525 1472 aditurus.
540 1409 652 1470 Primus
667 1408 726 1469 dies

53 1494 176 1568 quietum
184 1495 241 1555 iter
249 1492 368 1574 prebuit
378 1515 387 1552 s
397 1491 545 1569 proximus
556 1488 584 1549 ei
597 1488 725 1547 nondum

54 1573 162 1647 quidem
182 1574 363 1651 procellosus
387 1590 416 1632 et
439 1570 551 1636 tristis,
579 1566 725 1627 obscurior

54 1665 144 1712 tamen
162 1654 309 1731 pristino,
328 1670 387 1710 non
406 1651 466 1711 sine
477 1646 561 1708 minis
574 1642 725 1708 trescentis

54 1733 120 1792 maii
133 1733 282 1810 praeteriit.
298 1730 400 1792 Tettio
418 1731 454 1789 ab
469 1727 548 1788 omni
564 1742 642 1802 parte
659 1723 727 1785 coeii

55 1811 173 1873 emicare
181 1812 319 1893 fulgura,
334 1827 364 1870 et
371 1830 446 1868 nunc
453 1805 633 1868 internitente
641 1804 725 1871 luce,v

56 1905 126 1950 nune
142 1893 283 1959 condita,
306 1909 366 1950 non
381 1885 481 1948 oeulos
497 1881 587 1944 modo
603 1878 726 1943 meantis

56 1969 212 2041 exercitus,
231 1969 281 2032 sed
291 1970 379 2029 etiam
389 1968 502 2027 animos
516 1982 620 2025 terrere
630 1976 726 2040 coepe*

55 2063 126 2110 runt.
136 2049 205 2110 Erat
218 2069 310 2126 prope
326 2048 476 2110 continuus
488 2044 556 2105 coeli
566 2042 678 2122 fragor,
696 2058 727 2101 et

55 2128 152 2198 passim
169 2129 334 2191 cadentium
350 2127 504 2188 fulminum
524 2122 629 2199 species
646 2121 726 2181 vise-

56 2203 139 2267 batur.
149 2208 355 2286 »Attonitis'que
368 2206 479 2266 autibus
493 2219 605 2277 stupens
620 2212 726 2276 agmen

54 2297 103 2344 nec
112 2288 331 2370 progredi,nec
341 2284 493 2346 consistere
504 2279 634 2341 audebat.
645 2279 725 2337 Tum

52 2378 165 2440 repente
181 2369 275 2428 imber
283 2365 449 2446 grandinem
462 2359 601 2422 incutiens
614 2372 727 2415 torrem·

55 2438 87 2499 tis
101 2446 190 2507 modo
206 2445 367 2508 effunditur.
380 2443 426 2502 Ac
439 2442 532 2519 primo
550 2435 664 2516 quidem
676 2454 725 2493 arn

57 2520 106 2607 mis
115 2525 169 2586 suis
182 2525 252 2587 tecti
268 2539 456 2600 exceperant,
475 2518 521 2579 sed
538 2518 596 2593 jam
606 2534 660 2577 neo
675 2533 724 2572 ter

54 2610 138 2662 nnete
152 2626 233 2666 arma
245 2605 358 2665 iubricae
372 2618 401 2661 et
417 2600 538 2679 rigentes
551 2615 651 2655 manus
667 2612 725 2668 po-

54 2673 724 2767 uranurecipedestinare,in.quamregioneu

493 2777 528 2841 M
545 2795 577 2837 tn
594 2773 627 2841 ir
