1968 3636
231 304 291 388 53t
414 298 459 382 Q.
498 290 765 391 cuurrr

230 400 261 467 in
273 402 384 484 lugubri
396 420 496 473 veste,
517 422 585 463 cum
600 402 771 482 conjugibus
789 410 826 462 ac
835 394 905 463 libed

230 486 287 554 ris,
303 504 362 543 non
374 503 405 544 ut
416 486 556 543 victorem
566 500 596 542 et
608 482 695 542 modo
708 480 826 542 bostem
837 524 849 552 ,
861 482 904 542 sed

229 580 261 624 ut
275 564 367 655 gentis
378 584 432 623 suae
445 560 627 640 justissimum
638 570 738 642 regem
748 578 822 622 vero
834 561 903 620 desi-

228 641 308 703 deno
328 643 472 724 lugebant.
493 640 607 700 Assueti
624 642 674 700 sub
692 655 761 722 rege
780 640 904 710 vivere,

168 769 171 775 ,
227 720 402 789 uenalium,
421 721 465 798 qui
482 717 729 799 imperaretipsis‚
749 718 905 797 digniorem
971 730 972 799 J

221 797 319 879 ¹luisse
333 800 551 861 confitebantur.
569 798 633 858 Nec
650 797 738 858 lnuris
749 799 830 858 urbis
843 800 904 858 luc·

227 898 274 942 cus
284 880 481 941 continebatur
492 900 499 939 s
520 876 566 937 sed
577 878 743 954 proximam
754 878 904 957 regionem
971 908 972 911 ¹

162 976 165 985 ’
227 962 264 1019 ab
285 980 340 1028 ea,
363 959 462 1018 deinde
481 976 616 1036 magnam
637 973 752 1032 partem
771 957 849 1016 Asiae
866 957 905 1016 cir

226 1037 389 1116 Euphraten
404 1036 474 1096 tanti
491 1037 561 1095 mali
575 1036 650 1096 fama
664 1053 842 1112 pervaserat.
856 1034 903 1095 Ad

226 1112 311 1177 Darii
321 1136 434 1195 quoque
449 1128 570 1176 matrem
588 1116 717 1174 celeriter
727 1117 839 1192 perlata
852 1133 902 1177 esta
940 1180 947 1193 ¹

225 1196 357 1256 Abscissa
366 1216 434 1286 ergo
443 1213 540 1262 veste,
551 1215 606 1270 qua
617 1193 713 1254 induta
725 1213 808 1263 erat,
820 1196 903 1274 lugu·

226 1275 307 1333 brem
327 1293 445 1346 surnsrt3
472 1273 655 1349 laceratisque
674 1274 802 1333 crinibus
822 1273 901 1333 humi

224 1371 329 1430 corpus
341 1353 453 1429 abjecit.
479 1351 625 1411 Assidebat
635 1351 661 1409 ei
674 1354 764 1413 altera
776 1372 816 1412 ex
832 1373 901 1429 nepd

224 1430 320 1501 tibus,
335 1450 423 1509 nuper
435 1431 569 1490 amissum
580 1417 819 1507 Hephaestionem
830 1431 901 1501 ,·cui

224 1527 379 1588 nupserat,
400 1510 521 1590 lugens3
541 1512 721 1586 propriasque
736 1531 838 1570 causas
848 1512 900 1569 do«

224 1588 294 1648 lotis
306 1588 336 1647 in
345 1588 493 1650 communi
505 1590 638 1657 maestitia
651 1590 833 1651 retractabat.
846 1589 900 1649 Sed

224 1668 358 1727 omniurn
376 1688 490 1728 suorum
503 1668 578 1727 mala
591 1667 765 1747 Sisygatnbis'
781 1688 839 1728 una
852 1689 904 1728 ca-

244 1747 329 1807 iebat.
345 1747 514 1814 illamam,
532 1746 581 1806 illa
595 1749 724 1823 neptium
736 1748 836 1808 vicem
850 1747 904 1807 fles

222 1766 285 1887 bat.
296 1825 406 1885 Recens
421 1820 507 1885 dolor
523 1823 610 1884 etiam
623 1825 764 1901 praeterita
779 1845 903 1887 revoca-

222 1920 314 1966 verat.
325 1904 461 1965 Crederes
471 1904 559 1963 modo
570 1906 705 1964 amissum
715 1904 857 1972 Darium,
873 1921 903 1965 et

220 1982 326 2061 pariter
347 1985 455 2043 misera
472 1983 594 2042 duorum
614 1981 743 2044 filiorum
762 1984 901 2059 exequias

221 2080 282 2123 esse
292 2060 443 2122 ducendas.
454 2058 553 2120 Flebat
564 2066 694 2122 mertuos
704 2062 791 2123 simul
801 2063 902 2124 vivos-

220 2161 288 2218 que.
312 2134 403 2217 Quem
424 2139 496 2200 enim
513 2138 664 2219 puellarum
682 2156 811 2200 acturum
837 2162 902 2202 erse

128 2261 132 2270 ·
220 2221 341 2280 curum?
357 2238 433 2293 quem
445 2218 529 2280 elium
535 2218 660 2292 futurum
672 2216 900 2280 Alexandrum?

218 2369 280 2454 Qui
292 2392 396 2436 mortuo
408 2376 499 2441 Dario
511 2374 586 2454 ipsus
599 2394 719 2438 tueretur
729 2396 876 2457 repertsse
883 2397 897 2450 ;

218 2453 265 2533 qui
273 2471 337 2532 post
347 2452 537 2521 Alexandrum
547 2456 715 2535 respiceret,
732 2457 831 2533 utique
842 2477 897 2517 non

63 2570 66 2574 -
128 2580 130 2585 .
218 2550 384 2613 reperturus.
410 2535 526 2599 Subibat
550 2535 624 2595 inter
646 2534 707 2595 hac
727 2536 863 2596 animum
884 2576 898 2604 ,

217 2610 359 2703 octoginta
370 2610 477 2689 fratres
497 2633 562 2674 suos
583 2614 676 2674 eedem
691 2612 737 2672 dle
755 2612 791 2673 ab
814 2612 894 2675 chu

971 1634 972 1679 l

971 1696 972 1727 l

149 2347 152 2351 ,
219 2295 324 2356 iterum
342 2315 501 2371 recaptus,
526 2294 624 2356 iterum
638 2295 783 2358 excidisse
800 2320 900 2389 regnu.

217 2706 485 2775 mvtsstmoregum
503 2691 682 2767 trucidatos,
702 2689 912 2782 adiectumque,

971 3168 972 3193 l
