1936 3644
238 267 294 350 3⁹⁸
416 259 754 345 Q.cURT11·

235 370 349 448 ejusque
361 366 496 448 superbia
512 365 587 427 haud
600 365 748 425 immerito
763 362 915 439 illuderer
964 366 965 369 ’

230 442 914 530 pennas,ait,baberemilitesAlexandri.Jam·

231 548 287 606 que
304 548 321 587 e
337 526 532 588 Macedonum
551 526 646 587 eastris
661 526 811 607 signorum
834 547 911 587 που·

232 625 330 669 oentus
346 626 376 668 et
390 608 477 667 totius
488 605 627 667 exercitus
643 605 756 664 clamor
772 605 911 667 audieba-

231 703 288 749 tur.
310 687 354 747 Ea
373 707 417 747 res
436 688 508 748 sicut
531 687 665 763 pleraque
686 685 757 761 belli
780 706 858 747 vana
881 703 910 748 et

230 766 328 828 inania
361 769 495 828 barbaros
529 764 565 826 ad
599 764 775 825 deditionem
808 767 908 826 traxit.

231 846 349 927 Quippe
360 845 491 925 occupati
500 846 780 935 metu3paucitatem
788 865 907 916 eorum,

230 928 279 1005 qui
296 945 405 1007 atergo
420 944 520 995 erant,
536 943 673 986 aestimare
686 945 746 984 non
758 944 905 1002 poterant.

229 1006 328 1086 ltaque
345 1004 466 1084 Cophan
480 1011 574 1081 (nam
591 1003 762 1081 trepidantes
777 1005 906 1083 relique·

229 1106 273 1148 rat
294 1089 308 1159 )
330 1096 442 1147 strenue
459 1104 620 1158 revocant3
642 1101 672 1143 et
691 1104 759 1145 cum
778 1106 818 1146 eo
839 1103 905 1146 xxx

227 1165 368 1245 principes
385 1167 521 1234 mittunt,
540 1165 591 1241 qui
601 1180 712 1242 petram
722 1164 856 1234 tradant,
876 1180 906 1227 et

228 1262 259 1305 ut
281 1241 462 1305 incolumibus
483 1244 559 1305 ubire
579 1242 691 1313 liceat,
711 1246 904 1321 paciscantur.

227 1325 282 1384 Ille
291 1343 455 1402 quanquam
463 1327 632 1393 verebatur,
644 1342 680 1382 ne
692 1343 849 1412 qonspecta
859 1325 902 1402 ju·

225 1423 333 1465 uenum
349 1403 491 1480 paucitate
509 1404 687 1464 deturbarent
697 1425 749 1464 eos
767 1404 901 1476 barbari;

225 1499 323 1543 tamen
336 1501 364 1543 et
374 1483 494 1544 fortunat
503 1479 557 1545 suit
569 1481 692 1542 confisus
704 1525 715 1553 ‚
727 1502 757 1543 et
770 1482 902 1544 Arimazi

224 1563 360 1640 superbia
378 1559 649 1632 infensumnullam
665 1580 697 1621 se
714 1561 901 1625 conditionem

224 1637 378 1702 deditionis
409 1642 533 1722 accipere
562 1640 717 1719 respondit.
749 1642 901 1704 Arimazes

217 1719 377 1798 desperatis'
384 1722 475 1803 magis
488 1742 575 1799 quam
586 1720 701 1797 perditis
709 1724 796 1783 rebus
809 1762 820 1793 ‚
834 1743 899 1785 cum

222 1800 391 1879 propinquis
406 1801 643 1878 nobilissimisque
653 1801 747 1883 gentis
762 1823 821 1864 suae
839 1803 899 1862 des·

223 1881 320 1941 cendit
342 1880 373 1940 in
396 1898 485 1945 castra
500 1902 595 1958 :quos
615 1902 717 1942 omnes
735 1879 897 1942 verberibus

222 1954 339 2036 affictus
357 1957 408 2017 sub
421 1958 492 2097 igqis
510 1956 651 2019 radicibus
665 1978 752 2052 petra
772 1960 897 2021 crucibus

221 2036 303 2116 jussit
313 2033 406 2116 affigi.
460 2037 582 2099 ulritudo
591 2038 785 2103 dedititiorum
797 2041 894 2104 incolis

221 2133 364 2177 nouatum
374 2116 488 2179 urbium
502 2138 570 2180 cum
584 2120 707 2195 pecunia
717 2138 804 2200 capta
818 2121 893 2183 douo

220 2194 284 2257 data
297 2214 358 2259 estt
370 2196 528 2259 Artabazus
539 2198 569 2258 in
587 2216 672 2275 pertz
689 2201 896 2292 regionisque,

220 2294 284 2359 quae
294 2277 422 2361 apposita
431 2294 503 2343 esset
512 2276 562 2351 ei,
577 2278 667 2340 tutela
675 2281 812 2348 relictus·
