1962 3632
220 273 435 339 -LIBER
486 264 559 340 tv.
682 264 758 347 ιη’

113 348 125 375 0

68 397 181 456 qaoque
206 377 347 444 traditur,
373 376 495 440 cultores
516 378 576 454 ejua
597 374 737 457 fatigati,

69 476 140 519 nora
161 475 194 519 et
214 476 332 519 externa
353 454 499 515 domicilia
519 454 604 516 armis
626 456 740 517 tibimet

67 555 191 613 querere
212 538 399 617 cogebantur.
420 534 519 595 Multis
538 555 608 616 ergo
631 536 739 597 caribus

69 616 221 685 defuncta,
240 633 351 693 etpost
368 613 510 675 excidium
525 632 643 683 renata,
663 634 740 676 nunc

69 714 163 757 tamen
184 697 276 776 longa
292 714 363 773 paee
380 712 481 753 cancta
498 692 663 761 refovente,
688 697 738 754 sub

69 776 152 836 tutela
165 775 310 836 Romane
321 772 541 832 mansuetudinis
554 772 716 849 acquiescit.

104 853 185 916 (ἴεν.
199 853 241 914 V.
254 852 356 914 lisdem
363 853 452 912 ferme
460 848 645 914 diebutDetii
652 851 738 912 litetae

69 932 158 994 allatae
176 934 261 999 iunt,
285 931 401 993 tandem
416 929 644 1013 utregiscriptae.
658 929 739 991 Pete·
818 981 821 985 .

69 1014 133 1081 bat,
148 1010 189 1071 uti
198 1007 292 1089 filiam
303 1029 402 1077 ruam,
419 1009 527 1072 Statirae
538 1026 598 1071 erat
612 1028 738 1076 nornen,

69 1089 172 1172 nuptiis
188 1087 353 1151 Alexander
368 1087 424 1149 sibi
443 1085 613 1168 adjungeret.
632 1084 738 1148 Dotetn

65 1170 125 1246 fore
145 1189 251 1229 amnem
273 1166 413 1247 regionem
436 1166 508 1229 inter
528 1165 737 1245 Hellespontum

70 1267 97 1309 et
120 1245 215 1330 Halyn
237 1266 346 1309 amnem
366 1245 451 1307 sitam
463 1267 477 1318 ‚·
504 1246 569 1308 inde
592 1242 736 1307 Orientem

68 1326 254 1401 spectantibus
277 1325 361 1387 terris
383 1343 538 1386 contentum
556 1346 588 1386 te
601 1321 679 1401 fore.
701 1320 736 1385 Si

64 1403 135 1482 {arte
156 1404 296 1466 dubitaret
321 1402 392 1484 quod
412 1400 552 1484 afferrent
578 1402 704 1483 accipere
724 1430 735 1465 .-

69 1505 200 1564 nunquam
226 1482 275 1544 diu
293 1482 386 1545 eodem
404 1483 524 1566 uestigio
543 1501 620 1544 stare
635 1479 734 1558 fretu-4

70 1585 129 1625 narn
141 1584 154 1635 ‚·
166 1583 325 1644 semperque
335 1560 479 1631 homines,
496 1580 736 1641 quantamcumque

65 1640 227 1718 felicitatem
237 1638 523 1711 habeanrpinvidt'am
533 1659 623 1705 tamen
631 1638 736 1700 sentire

69 1723 204 1802 majorem.
216 1717 314 1783 Vereri
326 1759 337 1790 ‚
350 1742 392 1781 ne·
400 1740 431 1783 se
447 1720 539 1782 avium
555 1719 632 1781 moda
644 1757 655 1788 ‚
667 1737 736 1796 quar

69 1799 204 1863 naturalis
215 1799 318 1861 leuitas
328 1817 423 1880 ageret
437 1799 473 1859 ad
484 1799 598 1866 sidera,
614 1794 691 1858 inani
702 1814 735 1855 ac

67 1880 161 1960 puerili
173 1879 277 1940 mentis
296 1875 395 1959 affectu
413 1874 535 2016 efferret.
551 1874 638 1941 Nihil
657 1866 735 1952 diffi-

71 1958 149 2021 cilius
161 1979 245 2028 erre,
265 1978 345 2038 paam
363 1958 393 2018 in
410 1956 432 2017 il
443 1980 460 2019 a
471 1976 554 2019 atate
569 1973 674 2016 tantam
686 1972 735 2015 ca·

67 2055 128 2116 pete
139 2037 294 2115 fortunam.
312 2036 422 2099 Multas
442 2058 473 2098 se
492 2036 580 2098 adhuc
600 2030 736 2111 reliquiar

70 2112 188 2191 iaiere3
221 2136 272 2178 nec
301 2135 408 2198 semper
437 2116 467 2177 in
489 2113 631 2196 angustiis
653 2128 736 2190 posse

70 2193 229 2273 detrehendi
250 2222 260 2256 .-
281 2191 474 2257 transeundum
489 2213 556 2255 esse
574 2185 735 2252 Alexandro

70 2269 248 2357 Euphraten,
266 2271 418 2354 Tigrinque
435 2291 463 2335 et
472 2272 610 2341 Araxen,
632 2286 659 2328 et
673 2263 736 2335 Hp-

71 2351 190 2436 daspen,
207 2374 310 2432 magna
325 2350 494 2414 munimenta
511 2348 589 2443 regni
604 2347 660 2411 sui.
678 2342 734 2409 Ve-

71 2431 193 2495 niendum
208 2431 239 2493 in
256 2452 386 2505 campas,
411 2429 457 2491 uhi
469 2445 608 2512 paucitate
622 2445 734 2487 tuorum

73 2511 276 2574 tabescendum
294 2511 345 2574 sir.
368 2507 517 2580 Mediam,
536 2506 568 2573 H
582 2505 733 2574 reaniatn,

71 2587 192 2662 Bactra,
213 2609 242 2652 et
262 2588 348 2651 endas
368 2586 475 2651 Oceani
493 2527 603 2651 arceiis
624 2579 735 2674 puanda

70 2667 230 2737 aditurum?
249 2668 306 2755 ‚aei
322 2665 478 2753 Sogdianos
496 2663 735 2737 peracturos..
