1958 3630
252 305 315 391 ‘324¹
426 292 757 379 Q.'CURT11

142 390 147 399 ’
242 395 368 475 ΙεριιΙεις,
386 413 415 460 et
430 414 490 459 nort
509 414 621 461 coenare
639 399 750 467 modo,
766 398 817 459 sed
834 397 921 461 etiam

249 473 426 538 familiariter
436 480 564 556 colloqui
583 500 649 539 cum
665 499 720 545 eo,
736 492 824 555 quem
840 481 920 539 dam·

249 571 386 625 neverat,
403 558 542 619 sustinuit.
553 557 678 626 Secunda
689 556 792 617 deinde
803 557 920 637 vigilia,

248 628 403 694 luminibus
412 638 561 705 extinctis,
579 654 643 696 cum
656 636 752 712 paucis
764 635 795 694 in
811 639 919 718 regiam

241 710 356 787 'co'e'unt
368 712 572 792 Hephaestion,
589 733 619 774 et
635 712 788 782 Craterus,
805 735 835 774 et
850 717 918 776 Coe·

244 807 322 859 nus,
341 806 371 853 et
386 790 532 873 Erigyius:
547 792 575 852 hi
593 811 630 853 ex
642 793 761 863 amieist
780 812 817 852 ex
832 795 917 854 armi-

244 870 324 1008 Eeris
344 889 441 931 autem
459 871 604 932 Perdiccas
625 891 653 932 et
671 871 849 934 Leonnatus.
867 873 919 933 Per

244 988 249 995 -
272 970 304 1008 os
315 949 505 1027 imperatum,
524 956 574 1020 rit,
591 951 635 1027 ptri
648 948 684 1009 ad
693 948 856 1027 pretorium
871 970 920 1012 ex-

248 1025 401 1096 cubabant,
413 1028 512 1088 arrnntt‘
524 1027 684 1108 vigilarent.
696 1029 762 1095 ,lam
773 1030 810 1090 ad
820 1046 920 1090 omnes
971 1060 972 1113 p

247 1105 339 1166 aditus
350 1108 474 1183 dispositi
491 1110 616 1178 militesr
636 1107 741 1185 equites
753 1126 858 1186 quoque
869 1108 919 1168 iti·
971 1120 972 1159 ἲ

246 1203 318 1243 nera
333 1183 456 1245 obsidere
470 1185 555 1261 jussi;
575 1206 611 1246 ne
623 1188 684 1264 quis
699 1186 733 1245 ad
747 1185 917 1247 Parmenio·
971 1200 972 1217 ³

245 1281 340 1330 nem,
370 1264 499 1341 quitum
521 1266 623 1337 Mediae
643 1265 809 1345 magnisque
828 1265 918 1344 copiis

245 1356 382 1420 praeerat,
394 1344 523 1403 occultus
533 1344 674 1404 evaderet.
685 1347 812 1403 Attarras
822 1361 917 1404 autern

247 1438 315 1480 cum
332 1423 464 1482 trecentis
482 1423 595 1482 armatis
611 1424 764 1483 intraverat
774 1423 890 1504 regiam
907 1444 916 1483 s

246 1496 315 1560 huic
330 1499 432 1571 decem
452 1503 584 1562 satellites
602 1502 769 1569 traduntur,
795 1522 918 1579 quorum

247 1574 374 1659 singulos
392 1579 455 1639 deni
467 1581 605 1662 ⁴armigeri
624 1582 820 1658 sequebantur.
840 1582 864 1640 li
884 1579 919 1640 ad

245 1658 320 1718 alios
342 1660 506 1736 conjuratos
527 1658 809 1738 comprehendendos
825 1660 918 1718 distri·

246 1736 308 1796 buti
318 1753 382 1797 sunt
394 1759 403 1800 t
417 1737 564 1808 Artatus,
583 1760 648 1800 cum
661 1738 793 1799 trecentis
803 1738 839 1798 ad
849 1736 919 1798 Phi-

245 1815 327 1875 lotan
340 1817 458 1887 missus,
480 1819 606 1893 clausum
617 1818 724 1878 aditum
734 1816 838 1877 domus
850 1834 918 1877 mo«

246 1892 390 1964 liebatur,
410 1898 612 1978 quinquaginta
630 1897 765 1975 juvenum
780 1897 919 1973 promtis·

246 1972 325 2031 timis
333 1974 458 2050 stipatus.
467 1974 545 2034 Nam
555 1974 716 2036 ceteroscin
754 1976 917 2053 reundiqne

245 2049 366 2110 domum
377 2053 512 2127 jusserat,
527 2074 564 2114 ne
574 2055 716 2116 occultoa
736 2052 777 2115 itu
788 2049 918 2114 Philotis

243 2145 340 2209 posset
349 2131 435 2193 elabi.
447 2133 552 2201 Illum,
569 2135 630 2195 sive
645 2134 793 2194 securitate
807 2134 925 2215 animis

245 2209 306 2271 sive
321 2209 488 2291 fatigatione
503 2215 658 2274 resolutum
671 2232 787 2272 somnus
800 2227 920 2289 oppres-

245 2304 339 2359 serat3
374 2309 440 2349 uem
450 2291 575 2351 Attnrras
587 2306 747 2368 torpentem
757 2289 852 2352 adbuc
863 2296 918 2350 οὲ·

245 2380 343 2442 cupat.
383 2368 484 2427 andem
495 2370 521 2429 ei
537 2390 640 2445 sopore
654 2369 778 2430 discusso
788 2389 858 2429 cum
869 2370 919 2428 in'·

245 2444 398 2525 jicetentttr
408 2454 529 2519 catenae3
542 2447 636 2518 Vicit,
648 2446 754 2525 inquit,
766 2444 919 2507 bonitatem

247 2536 348 2592 tuam,
374 2544 451 2595 rex,
472 2526 644 2601 inimicorum
664 2524 818 2588 acerbitas.
851 2525 918 2587 Nee

246 2604 329 2683 plura
343 2602 473 2666 locutum
483 2605 573 2684 capite
585 2608 682 2667 velato
698 2605 729 2665 ln
740 2602 853 2688 regiam
868 2603 919 2665 ad·

244 2681 363 2758 dunum.
378 2678 497 2770 Postero
509 2685 554 2754 die
566 2678 740 2761 reiensis,
758 2697 859 2747 onnes
871 2702 920 2754 ate
