1936 3644
220 294 413 370 tiron
450 305 576 373 vrit.
672 325 737 389 45,

62 416 94 472 'rt
111 406 247 490 urgebitis
261 405 398 484 frontem.
419 405 519 468 Hane
538 424 642 469 nosttoe
661 429 738 489 prte-

64 488 156 568 longae
173 506 199 547 et
213 486 316 548 aalide
330 509 384 547 nott
396 486 469 547 alius
485 487 577 567 magis
591 507 670 565 quam
683 487 739 548 ad·

64 584 162 631 versus
175 565 280 626 belluas
298 584 471 644 rectoresque
488 586 579 626 earum
594 567 656 626 usui
673 588 738 629 esse

62 664 216 728 potetatem
234 645 375 705 demtbote
391 666 459 715 eos,
477 645 523 724 qui
535 643 691 716 veluuntut,
708 663 738 708 et

63 727 142 807 ipsos
152 723 322 803 confundite.
335 723 447 806 Anceps
454 744 547 804 genus
557 724 659 787 auxilii
672 744 737 796 est,

64 822 94 865 et
105 805 135 864 t‘tt
151 825 216 864 suos
225 803 410 880 acriusfutit.
427 802 461 864 ln
477 802 582 864 ltostem
594 804 669 864 eniri
678 804 740 869 itu·¹

60 883 142 966 petio
155 905 168 955 ;
180 884 210 944 itt
219 903 285 944 suos
295 904 396 964 pavore
408 883 513 964 agitur.
524 884 738 946 Haeclocutus

63 964 193 1025 concitat
208 985 313 1041 equum
330 965 448 1042 primus.
460 964 605 1042 Jamque,
625 981 658 1025 ut
673 963 739 1024 des·

64 1044 188 1105 sinatum
204 1062 284 1112 erat,
305 1044 447 1105 invaserat
461 1045 573 1109 ordines
588 1042 741 1118 hostiumr

64 1143 135 1185 cum
146 1116 253 1184 Coenus
264 1123 373 1203 ingenti
381 1124 412 1186 vi
428 1124 458 1183 in
473 1125 577 1185 laevum
587 1144 678 1184 cornu
689 1124 739 1183 inv

64 1202 196 1271 velamur,-
202 1201 330 1263 Phalanx
339 1225 453 1281 quoque
470 1203 501 1262 in
513 1204 637 1263 mediam
647 1203 739 1263 Indo·

64 1303 132 1344 tum
142 1282 233 1343 aciem
243 1303 302 1342 uno
312 1283 419 1361 impetu
429 1285 566 1361 prorupit.
578 1283 739 1352 AtPotus‚

64 1382 124 1440 qua
144 1363 269 1440 equitem
287 1362 383 1424 invehi
400 1380 544 1430 senserat,
565 1360 672 1423 belluas
689 1360 739 1441 agi

65 1441 167 1521 jussit:
182 1442 229 1502 sed
245 1442 354 1501 tardum
372 1459 401 1501 et
418 1462 491 1519 pene
508 1442 658 1502 immobile
677 1444 740 1501 ani·

65 1523 129 1582 mal
138 1536 277 1600 equorum
295 1521 478 1583 velocitatem
488 1540 597 1596 sequare
611 1541 671 1580 non
686 1541 741 1598 po·

64 1618 150 1662 terat.
174 1601 221 1661 Ne
242 1600 407 1682 sagittarum
436 1599 551 1677 quidem
579 1601 652 1660 ullus
677 1615 740 1661 erat

64 1681 191 1742 barbatis
205 1703 280 1742 usus.
293 1679 409 1757 Quippe
420 1682 513 1761 longae
523 1697 552 1739 et
561 1700 738 1760 praegraves,

64 1760 121 1822 nisi
137 1760 212 1838 ptius
229 1759 259 1818 in
275 1777 348 1820 terra
359 1777 512 1820 statuerent
527 1780 645 1829 arcum,
663 1759 740 1821 haud

63 1841 133 1903 satis
156 1857 220 1916 apte
249 1857 279 1899 et
300 1840 454 1899 commode
473 1837 635 1914 imponunt.
659 1838 741 1907 Tum

63 1919 158 1981 humo
175 1918 306 1987 lubrica,
327 1936 357 1978 et
373 1921 410 1978 ob
420 1919 448 1978 id
464 1917 636 1995 impediente
651 1939 742 1979 cona·

63 2016 153 2068 sum,
174 1999 325 2059 molientes
340 1998 430 2067 ictus,
450 1997 594 2058 celeritate
612 1997 740 2061 hostium

63 2079 289 2156 occupabantur.
311 2077 389 2159 Ergo
411 2094 504 2156 spreto
525 2077 599 2155 regis
617 2077 740 2153 imperio

64 2163 82 2235 ί
95 2158 172 2237 quod
190 2158 249 2218 fere
267 2157 322 2225 fit,
345 2158 396 2217 ubi
408 2155 523 2215 turbatis
539 2154 630 2225 actius
647 2170 741 2236 metus

63 2259 156 2318 quam
172 2237 229 2298 dux
241 2237 382 2315 imperate
393 2234 503 2312 coepit)
522 2232 642 2291 totidem
660 2248 745 2297 erunt

63 2319 277 2396 imperatores,
294 2332 365 2395 quot
376 2316 489 2397 agmina
501 2314 641 2394 errabant.
657 2313 743 2376 Alius

60 2399 187 2483 jungere
198 2395 311 2467 aciem
328 2397 399 2455 alius
416 2391 540 2455 dividere
550 2410 563 2466 ;
581 2409 659 2451 stare
673 2392 741 2469 quin

64 2479 137 2539 dam
148 2498 158 2549 ς
171 2491 200 2535 et
210 2476 342 2535 nonnulli
350 2470 515 2535 circumvehi
527 2486 608 2551 terga
620 2468 740 2537 hostium

64 2558 216 2700 {rubebant
235 2554 317 2616 Nihil
337 2554 366 2612 in
383 2553 509 2617 ntedium
529 2551 743 2628 consulebatur,

81 2656 163 2696 -orus
172 2652 268 2694 tamen
281 2656 348 2696 cum
357 2634 452 2712 paucis
462 2655 477 2701 ,'
487 2631 586 2709 quibus
595 2646 674 2703 metu
686 2649 742 2705 pov

65 2716 130 2796 llil*
140 2714 351 2809 ῐιῑβῐὸῑρυᾶοτ,
363 2713 500 2811 oolligere
512 2712 671 2785 dispersos,
685 2708 743 2783 ‚ola

536 2805 644 2903 <liii
