1936 3644
255 298 317 367 ’4οί
438 282 765 365 Q.CURT11

954 400 955 463 l

250 387 349 474 gladio
370 385 531 467 amputavit
551 408 563 446 r
580 404 660 449 vetus
678 382 805 463 Philippi
824 381 921 455 miles,

250 468 406 546 multisque
422 468 532 529 bellicis
548 467 680 546 operibus
696 467 801 527 clatus.
821 463 920 525 Hella·
954 478 955 525 1

250 551 338 617 niae,
354 571 415 627 quae
426 548 623 609 Alexandrum
638 546 831 613 educaverat,
848 563 921 604 soror

251 630 333 706 ejus,
357 628 432 690 haud
449 650 527 691 secus
543 649 631 706 quam
647 644 739 686 mater
755 645 854 706 arege
864 623 919 684 dili·

249 711 382 792 gebatur.
398 707 448 769 Ob
468 707 518 768 bas
533 728 630 769 causas
647 704 853 768 validissimam
871 705 919 764 im-

248 789 324 869 perii
338 806 448 867 partem
462 787 527 848 fidei
539 788 598 860 eius
610 787 759 863 tutelaque
770 785 921 846 commisit.
954 808 955 811 ¹

250 870 374 946 Jamque
386 867 440 927 iter
447 887 544 948 parare
554 866 585 926 in
596 865 862 946 pastemm'jussus,
878 884 919 925 so·
954 894 955 897 ¹

251 947 343 1010 lemni
362 964 391 1009 et
412 948 583 1025 tempestivo
605 945 754 1006 adhibetur
776 944 920 1006 convivio.

251 1030 286 1090 ln
303 1048 361 1106 quo
379 1046 430 1086 rex
446 1048 513 1087 cum
530 1025 623 1089 multo
643 1025 805 1087 incaluisset
820 1045 918 1092 mero,

252 1105 425 1169 immodicus
435 1107 588 1168 aestimator
600 1104 663 1174 sui,
684 1106 850 1174 celebrare,
868 1123 919 1181 qua

251 1201 398 1268 gesserat,
413 1186 520 1265 coepit3
536 1184 630 1267 gravis
640 1184 727 1245 etiam
739 1205 843 1245 eorum
853 1180 919 1243 auri·

251 1270 321 1336 bus,
338 1264 386 1343 qui
402 1267 559 1327 sentiebant
570 1285 638 1325 vera
651 1264 820 1326 memorari.
835 1262 919 1323 Silen-

244 1346 323 1406 sium
336 1364 434 1407 tamen
447 1343 570 1406 habuere
583 1343 730 1413 seniores,
753 1344 848 1405 donec
859 1339 919 1402 Phi·

247 1424 321 1501 lippi
347 1445 391 1486 tes
417 1445 497 1485 orsus
526 1422 677 1493 obterere3
703 1421 825 1482 nobilem
854 1414 917 1493 apati

249 1501 429 1566 Chaeroneam
440 1502 586 1565 victoriam
603 1501 647 1562 sni
660 1499 852 1582 operisfuiste
868 1502 919 1578 jac·

249 1584 342 1656 tanin
363 1582 551 1661 ademtamque
565 1580 620 1641 sibi
640 1579 820 1660 malignitate
836 1598 863 1642 et
878 1579 919 1638 in·

248 1661 328 1725 vidia
337 1661 425 1742 patris
437 1680 522 1722 tantoe
533 1660 577 1721 rei
583 1659 716 1740 gloriam.
726 1658 918 1740 Illumqttirient

229 1791 234 1798 .
248 1741 387 1803 seditione
399 1741 471 1801 intes
479 1739 652 1802 Macedones
662 1739 788 1810 milites,
801 1757 829 1800 et
839 1737 919 1801 Gra·

247 1842 296 1883 cos
310 1820 495 1882 mercenarios
506 1838 565 1881 orta
576 1840 590 1891 ;
610 1818 785 1880 debilitatum
797 1817 918 1887 vnlnere,

245 1898 318 1980 qaod
341 1899 372 1960 in
392 1920 425 1960 ea
446 1898 668 1960 consternatione
684 1920 855 1979 acceperat,
873 1899 918 1976 ja-

246 1978 362 2047 cuisse,
383 2000 437 2039 non
451 1978 525 2039 alias
540 2000 621 2057 quarn
636 1977 817 2040 simulacione
828 1974 919 2039 nortis

246 2056 374 2120 tutiorem
384 2077 398 2130 ‚·
418 2078 449 2118 te
466 2078 563 2138 corpus
581 2052 641 2137 ejus
654 2058 817 2139 protexisse
834 2057 918 2151 clypeo

244 2158 317 2207 suo,
339 2155 499 2216 ruentesque
511 2137 541 2198 in
554 2135 632 2198 illurn
643 2158 695 2198 sua
709 2160 793 2199 manu
806 2155 920 2200 arettas·

245 2213 320 2296 Quoe
327 2232 436 2297 patrem
448 2237 584 2295 nunquam
596 2238 670 2296 apua
682 2218 774 2279 animo
787 2239 850 2279 esse
861 2237 923 2279 con·

224 2293 373 2371 -fessutn,
398 2295 517 2356 invitum
537 2294 605 2376 filio
633 2295 778 2359 debentem
808 2296 922 2358 salutern
954 2348 955 2355 ,

243 2381 335 2437 triam.
347 2371 444 2453 Itaque
452 2395 516 2456 post
529 2373 755 2514 expeditionem,
769 2397 852 2457 quam
866 2375 924 2437 sine

243 2472 275 2515 ea
284 2451 407 2529 fecisset
421 2453 481 2547 ipse
494 2455 524 2516 in
535 2453 562 2516 ll
563 2454 667 2534 yrias,
684 2456 821 2518 victorem
833 2455 923 2527 scrip·

242 2530 316 2596 sisse
327 2554 358 2593 se
365 2553 457 2614 patri,
464 2533 550 2610 fusos
559 2532 729 2626 fugatosque
740 2535 850 2597 hostes.
863 2534 922 2597 Nes

240 2611 370 2690 adfuisse
387 2635 503 2694 unquam
519 2612 690 2695 Philtpparn.
705 2613 806 2677 Laude
822 2615 921 2696 dignas

240 2691 924 2777 etse,nonquiSatnotluacutninitiaviserent.
