1962 3632
227 283 424 346 LIBER
462 283 554 344 111.
679 304 730 363 r3r

66 379 190 522 Eurisque
209 382 341 445 amiculo
360 402 390 446 et
408 384 495 444 literis
515 380 733 455 antelmium

90 482 141 531 ex,
159 461 272 539 inquit,
290 483 401 542 semper
411 456 519 541 quidem
529 458 643 541 spiritus
654 480 732 521 meus

68 560 98 599 ex
112 558 137 601 te
149 538 305 621 pependit,
324 539 375 601 sed
396 559 468 601 nuno
483 560 569 610 uere,
589 539 729 610 arbitror,

67 639 135 677 sacro
155 636 184 678 et
210 616 367 680 venerabili
393 639 441 679 ore
464 614 593 681 trahitur.
618 614 730 680 Crimen

64 695 227 774 parricidii,
275 697 328 758 uod
347 695 416 758 mihi
437 695 569 775 objectum
589 716 654 764 est,
682 715 730 758 tua

68 773 134 835 salus
144 773 242 838 diluet.
257 717 391 837 ictuatus
407 774 579 836 americum
595 773 661 834 niti
677 774 728 835 de-

69 851 143 918 ieris.
166 851 251 925 Oro,
275 875 441 936 quaesoque,
466 853 569 914 omisso
589 869 660 914 metu
677 873 730 934 pa·

68 948 116 991 tere
141 931 368 994 medicamentum
395 931 502 1013 concipi
528 929 620 993 uenis.
646 928 728 992 Lara

66 1009 148 1147 paulis
166 1033 194 1072 et
207 1012 349 1082 animum,
367 1032 445 1092 quem
459 1009 653 1092 intempestiua
670 1008 728 1069 soi-

82 1033 201 1151 'ciruiine
219 1090 304 1150 amici
321 1088 519 1169 sanefideies,
540 1087 595 1149 seri
614 1086 728 1149 moleste

69 1165 147 1227 seduli
170 1169 292 1230 turbant.
317 1170 390 1230 Non
407 1190 536 1230 securum
555 1167 644 1228 modo
666 1166 727 1229 haec

69 1267 139 1314 vox,
154 1250 299 1309 sedetiam
316 1251 413 1309 loetum
428 1269 543 1328 regem,
565 1269 597 1308 ac
606 1247 725 1325 plenum

19 1326 20 1329 ’
70 1326 139 1385 home
159 1330 216 1407 spei
232 1329 312 1405 fecit.
330 1328 450 1417 ltaque,
470 1326 497 1386 si
515 1325 590 1395 Dii,
610 1325 724 1404 inquit,

72 1399 204 1486 Phiiippe,
225 1405 278 1466 tibi
297 1405 511 1487 permisissent,
530 1425 583 1484 quo
603 1405 726 1465 maxime

70 1481 136 1542 modo
156 1486 276 1545 animum
294 1482 381 1546 uelles
401 1482 518 1562 experiri
541 1504 648 1551 meum,
669 1479 726 1541 aiio

71 1560 179 1640 profecto
193 1562 332 1625 uoluisses
354 1590 364 1623 .·
385 1561 436 1622 sed
446 1560 564 1621 certiore
580 1580 658 1639 quom
669 1579 723 1621 ex·

67 1658 152 1718 pertus
162 1665 209 1713 er,
221 1663 257 1702 ne
270 1638 396 1724 optasses
407 1639 525 1715 quidem.
536 1637 599 1699 Huc
611 1636 727 1717 epistola
754 1672 757 1681 ·

72 1737 188 1800 accepta,
213 1739 327 1790 tamen,
347 1718 417 1800 quoti
434 1718 578 1787 diluerat,
598 1716 665 1778 iiii.
685 1712 727 1776 Et

70 1800 241 1872 nuntcrede,
261 1821 304 1860 me
324 1820 378 1859 non
400 1798 493 1857 minus
513 1817 561 1933 pto
580 1791 730 1873 ruafide,

72 1895 140 1952 quam
152 1901 200 1960 pro
217 1901 279 1941 mea
295 1877 384 1938 salute
400 1895 461 1936 esse
479 1894 509 1934 so
524 1873 641 1935 licitum.
656 1873 728 1933 Haec

72 1958 183 2020 eiocutus
191 1961 321 2022 dextram
329 1955 462 2034 Philippo
472 1951 564 2014 offert.
573 1951 727 2021 Ceterum,

73 2050 138 2098 tanta
148 2040 187 2101 vis
202 2036 400 2100 medicaminis
415 2035 485 2103 fuit,
505 2051 538 2093 ut
592 2055 613 2093 ae
631 2049 727 2093 secuta

73 2132 144 2186 tunt,
163 2117 395 2179 criminationem
407 2055 602 2191 Parmenixs
612 2110 730 2187 adjuve-

72 2194 304 2259 rint.1nterclusus
315 2193 512 2273 spititusatete
526 2190 652 2251 meabat.
662 2185 728 2277 Nfo

71 2269 200 2353 Philippus
228 2273 384 2354 quidquam
410 2271 590 2348 inexpertum
619 2282 729 2329 omisit.

73 2350 116 2412 lue
124 2356 246 2417 fomenta
257 2350 373 2432 corpori
383 2349 531 2419 admovis3
548 2346 597 2407 isse
607 2363 726 2436 torpen-

72 2448 140 2503 tem,
157 2455 230 2495 nunc
241 2433 315 2500 cibi,
337 2451 413 2490 nunc
432 2429 490 2490 vini
508 2425 595 2487 odore
613 2441 726 2485 excita-

72 2508 115 2572 rit
135 2514 276 2592 Aequent
293 2511 420 2590 primum
437 2506 539 2568 mentis
559 2518 727 2583 compotem

73 2607 122 2652 esse
131 2592 229 2665 sensit3
241 2590 332 2653 modo
346 2584 442 2649 matris
454 2603 622 2673 sororumque
634 2600 646 2653 ,·
663 2599 730 2654 mo·

72 2667 103 2729 do
120 2686 201 2737 tauta
218 2667 345 2738 uictoria
364 2665 604 2751 appropinquantis
624 2658 728 2723 adm&
