1936 3644
222 279 283 371 393
406 275 736 367 Qucuem

216 388 446 459 terremtatem
458 426 469 458 ‚
480 409 551 465 quos
561 388 635 448 inter
645 408 713 448 saxa
723 383 910 469 defigerent&

217 466 387 546 .validosque
397 468 479 529 funes
488 471 634 546 parabam.
644 467 708 528 Rex
718 466 906 535 circumveni·

223 563 269 611 tus
279 566 389 625 petram
403 587 414 617 ,
435 569 490 624 qua
501 548 620 608 minime
633 566 715 624 asper
727 567 763 607 ac
775 568 907 626 praerup··

219 626 366 688 tusaditus
375 627 675 697 videbatur;.secunda
686 625 809 708 vigilia,
826 626 904 704 quod

215 708 297 769 »bene
309 724 431 769 verteret
441 748 454 778 ,
472 705 580 787 ingredi
597 706 685 782 iubet.
696 706 744 766 Illi
756 706 906 767 alimentis

221 784 254 862 in
263 785 381 854 biduum
390 785 614 866 sumtis,gladiis
622 785 711 847 modo
721 802 809 862 atque
818 782 906 849 hastis

132 932 140 947 ⁶
223 866 328 926 armati
338 867 430 935 subite
445 882 601 944 coepenmt.
615 865 661 927 Ae
675 866 772 943 primo
785 866 906 944 pedibus

222 942 341 1026 ingressi
359 963 423 1007 sunt
440 945 563 1011 :deinde
579 961 612 1006 ut
626 945 656 1003 in
675 962 817 1022 praetupta
833 966 903 1024 per,-
962 1004 963 1007 ,

216 1043 345 1089 ’,νοηῑιιηι
361 1042 423 1096 est,
448 1025 498 1086 alii
515 1023 644 1084 manibus
658 1024 818 1085 eminentia
836 1045 904 1086 sarta

224 1105 374 1181 complexi
386 1106 518 1169 levavere
533 1120 646 1177 semet3
666 1104 713 1164 alii
725 1103 845 1181 adjectis
861 1104 906 1173 fu·
962 1118 963 1147 l

221 1182 306 1244 nium
327 1185 435 1260 laqueis
454 1203 589 1249 evasere,
611 1202 679 1243 cum
698 1203 809 1244 cuneos
830 1183 904 1244 inter
962 1200 963 1249 1

225 1283 292 1325 saxa
308 1261 480 1343 defigerent,
500 1264 600 1340 quibus
613 1262 714 1342 gradus
726 1262 847 1324 subinde
858 1265 903 1323 itt·
962 1266 963 1273 ’

217 1340 362 1411 eisterent.
383 1341 474 1404 Diem
492 1341 565 1405 inter
584 1360 695 1403 metum
713 1343 901 1420 laboremque

218 1437 451 1494 tonsumserunt.
474 1422 529 1483 Per
548 1441 646 1498 aspera
665 1421 761 1481 enixis
785 1422 899 1484 duriora
962 1428 963 1491 1

223 1500 386 1569 restabant,
406 1520 569 1564 etereseete
588 1500 708 1562 altitudo
721 1518 810 1578 petrae
825 1501 904 1563 vide·
962 1504 963 1529 l

223 1581 315 1643 batur.
343 1581 397 1642 llla
417 1601 487 1645 vero
515 1578 682 1641 miserabilis
703 1597 765 1643 erat
784 1579 902 1650 facies,

220 1679 291 1721 cum
303 1660 345 1730 ii,
366 1682 438 1737 quos
455 1660 592 1721 instabilis
610 1658 712 1741 gradus
729 1659 899 1728 fefellerat,

223 1757 261 1805 tx
274 1739 407 1818 precipiti
420 1740 649 1803 devolverentur.
671 1739 746 1799 Mox
757 1739 862 1799 eadem
872 1737 901 1798 in
962 1800 963 1831 1

222 1836 253 1881 te
273 1819 406 1894 parienda
417 1820 504 1881 alieni
522 1840 601 1880 casus
612 1818 779 1879 ostendebat
797 1838 900 1879 exem·

218 1897 314 1975 plum.
332 1898 387 1958 Pet
397 1896 448 1960 has
457 1916 554 1961 tamen
565 1895 742 1961 difficultates
753 1896 899 1958 enituntur

222 1975 254 2045 in
281 1977 419 2038 verticem
443 1978 574 2045 montis,
601 1997 701 2038 omnes
728 1976 897 2057 fatigatione

217 2055 382 2121 ,continuati
394 2057 498 2117 laboris
515 2055 631 2129 affecti3
651 2055 768 2134 quidam
786 2051 897 2118 multati

220 2150 301 2213 parte
319 2140 515 2199 membrorum
527 2157 537 2208 ς
555 2136 714 2214 pariterque
728 2155 781 2197 eos
793 2153 824 2196 et
840 2154 898 2196 nor

221 2230 253 2276 et
264 2235 381 2276 somnus
398 2215 546 2307 oppressit.
560 2214 658 2276 Stratis
668 2213 776 2292 passim
790 2235 898 2294 corpo·
962 2220 963 2225 ’

220 2293 299 2359 ribus
309 2294 339 2355 in
355 2294 439 2359 inviis
455 2295 639 2372 etinaspetis
649 2313 787 2355 saxorum
798 2333 810 2364 ,
823 2293 899 2373 peri·
962 2314 963 2337 ¹

220 2373 281 2443 euli
299 2372 429 2440 instantis
449 2374 531 2437 obliti
547 2374 578 2435 in
591 2374 687 2436 lucem
704 2373 900 2451 quieverunte
962 2402 963 2451 j

221 2452 393 2531 tandemque
410 2453 489 2517 velut
506 2473 543 2514 ex
560 2452 621 2517 alto
635 2471 738 2531 sopore
757 2454 900 2524 excitati,
962 2458 963 2503 Τ

220 2532 349 2594 occultas
360 2532 553 2611 subjectasque
564 2533 630 2612 ipsis
639 2534 730 2609 valles
740 2532 899 2602 rimantes,
962 2610 963 2615 ἵ

221 2610 315 2694 ignati
325 2611 356 2672 in
366 2632 422 2690 qua
436 2628 514 2691 parte
524 2631 609 2690 petra
626 2629 703 2674 tanta
716 2612 759 2674 vis
770 2611 898 2675 hostium
962 2630 963 2639 ¹

221 2692 338 2779 condita
348 2709 419 2756 esset
433 2714 443 2753 z
456 2691 569 2769 fumum
579 2713 678 2774 specus
692 2691 767 2761 ittlre
779 2712 808 2757 se
824 2694 900 2783 ipsos
