1958 3630
145 250 148 254 “
241 289 441 352 nussu-
477 292 552 357 vu
668 318 731 376 ⁴29,

61 388 385 468 btxpeouominatione
402 396 575 474 pugnabant.
600 392 734 458 Laceda-

61 470 165 545 moniis
187 470 272 540 dux,
299 472 503 534 Macedonibus
523 476 604 534 locus
625 475 745 539 deeris

61 548 127 610 Diei
151 570 270 627 quoque
297 549 380 612 unius
399 568 458 613 tarn
482 553 632 630 multiplex
652 565 744 617 casus*

61 628 149 688 modo
159 648 260 704 spem,
274 629 364 689 modo
374 650 483 692 metum
493 631 635 708 utriusque
646 634 733 710 partis

60 709 181 787 augebat
196 708 354 770 :ovelutde
370 709 593 770 industriainter
609 711 741 773 fortissir

60 805 122 847 mos
136 786 376 849 viroscenamen
390 806 518 866 aequante
533 789 659 855 fortuna.
670 790 731 852 Ce-

60 878 153 926 terum
162 867 296 956 angustia
305 866 382 935 loci,
394 869 490 945 inquo
500 865 615 928 haeserat
625 889 731 948 pugna,

58 962 117 1011 non
147 946 333 1025 patrebantun
354 948 421 1008 totis
447 946 583 1028 congredi
614 946 730 1008 viribus.

60 1021 238 1099 Spectabant·
254 1044 325 1106 ergo
347 1026 467 1104 plures,
499 1042 592 1104 quam·
609 1026 732 1091 inierant

60 1104 217 1177 praeliuntr
230 1120 259 1163 et
274 1105 322 1182 qui
339 1123 418 1166 extra
435 1106 485 1166 teli
503 1109 609 1184 jactum
626 1123 730 1176 erant,

59 1182 186 1263 elaqrore
199 1183 325 1244 invicem
345 1205 417 1244 suos
427 1186 626 1247 accendebant.
646 1184 729 1246 Tan·

59 1259 121 1321 dern
139 1259 291 1323 Laconum
310 1263 385 1324 acies
403 1263 602 1345 languescere,
618 1264 736 1326 lubrica:

58 1361 133 1400 arma
145 1341 248 1401 sudore
260 1343 309 1402 vix
326 1344 483 1416 sustinens3
506 1344 608 1422 pedem
626 1344 728 1406 deinde

8 1470 14 1487 ,
57 1419 158 1493 referre
179 1422 266 1498 eoepit
286 1439 404 1503 urgente
422 1422 526 1491 hoste,
550 1444 584 1483 ac
603 1425 726 1500 apertius

55 1497 162 1578 fugere.
183 1501 384 1576 insequebatur
402 1502 548 1579 dissipatos
566 1502 680 1572 vietor,
697 1520 726 1562 et

55 1594 185 1639 emensus
198 1600 279 1639 eursu
296 1600 383 1641 omne
400 1582 541 1659 spatium,
560 1579 636 1657 quod
650 1581 727 1641 acies

55 1653 205 1718 baronum
223 1658 402 1728 obtinuerat,
419 1662 512 1738 ipsum
521 1659 734 1741 Agim-perse*

56 1737 200 1811 quebatur.
216 1737 288 1805 Ille,
305 1757 336 1799 ut
347 1739 595 1821 fugamsuotum,
615 1758 643 1800 et
654 1760 725 1817 pto-

55 1814 145 1875 uimos
155 1814 282 1876 hostium
293 1819 440 1896 conspexit
450 1857 460 1888 ,
472 1815 569 1896 deponi
581 1837 613 1876 se
625 1818 701 1892 jussit
711 1839 733 1876 e·

55 1911 261 1971 supernisque,
279 1899 408 1957 membra
424 1918 461 1957 an
477 1898 617 1973 impetunt
634 1897 727 1957 animi

55 1974 129 2050 sequi
142 1990 275 2051 possent,
286 1993 437 2053 postquam
449 1975 568 2045 delicere
579 1994 608 2035 se
618 1975 703 2036 sensit
710 2017 734 2046 ,ι

54 2052 205 2129 poplitibus
217 2073 306 2114 semet
317 2057 447 2133 excepit3
462 2055 600 2137 galeaque
610 2072 734 2117 strenue

54 2150 163 2201 sumta,
184 2132 286 2209 clypeo
304 2151 454 2215 protegens
473 2154 594 2209 corpus,
610 2133 722 2197 hastam

54 2208 146 2273 dextra
171 2212 319 2282 vibrabat,
342 2214 419 2273 ultro
445 2232 551 2275 vocans
579 2210 722 2280 hostem,

52 2286 148 2365 siquis
163 2289 273 2367 jacenti
290 2289 379 2370 spolia
397 2289 503 2351 demere
521 2286 643 2352 auderet.
654 2289 721 2356 Nec

52 2368 197 2445 quisquam
207 2368 261 2429 fuit
271 2409 281 2438 ,
292 2370 339 2447 qui
350 2372 501 2450 sustineret
507 2370 636 2430 cominus
646 2390 731 2431 con-v

50 2448 135 2535 gredi.
158 2447 434 2510 Proculmissilibus
451 2450 634 2525 appetebatur
651 2488 662 2518 ,
683 2470 721 2513 ea

51 2543 103 2599 tpsa
123 2526 155 2585 in
173 2523 492 2603 hostemtetotquens:
509 2528 601 2589 don‘ec
617 2529 719 2589 lancea

51 2603 360 2683 uud0·pectori'infiua
378 2624 420 2667 est
438 2629 447 2669 t
470 2628 525 2684 qua
543 2627 580 2668 ex
598 2608 730 2668 vulnere·

50 2684 141 2748 uulsa
151 2685 324 2750 inclinatum
334 2707 369 2752 ae
378 2685 509 2759 deficiens
518 2704 603 2775 enput
613 2686 730 2763 clypeo)

528 2770 650 2864 u'unj,
