1962 3632
235 185 427 308 arsen
469 227 558 337 sss.
684 268 740 328 137

82 343 300 424 magnificentius
309 346 415 424 jactata
430 367 517 422 quam
532 341 635 408 verius.
649 346 741 410 Cete-

83 442 152 491 rum,
172 424 292 501 pecunia
310 428 394 485 omni
412 428 548 502 rebusque
568 427 739 504 pretiosissi-

83 503 301 564 nisDamascum
309 504 395 581 Syriae
404 524 472 564 cum
484 503 599 565 modico
608 506 737 583 praesidio

80 582 291 644 militummissis
298 622 310 651 ,
326 584 447 660 telimas
458 582 553 659 copias
564 585 593 643 in
601 585 737 648 Ciliciam

82 660 164 730 duxit,
184 663 394 738 insequentibus
417 681 500 722 more
517 662 609 740 patrio
632 685 737 746 agmen

82 739 186 820 conjuge
208 759 238 799 et
259 759 366 802 matre.
383 738 519 822 Virgines
537 762 650 819 quoque
669 764 737 804 cum
831 810 834 815 ,

80 838 155 894 parvo
179 820 243 879 filio
268 821 477 879 comitabantur
499 838 621 896 patrem.
648 818 736 883 Forte

81 895 165 956 eadem
176 915 264 958 nocte
280 915 311 960 et
319 896 484 959 Alexander
499 897 533 957 ad
549 897 661 967 fauces,
677 901 739 978 qui·

78 976 121 1035 bus
132 976 206 1052 Syria
214 975 326 1046 aditur,
346 994 375 1036 et
385 976 490 1037 Darius
498 976 535 1036 ad
544 997 611 1037 eum
619 978 716 1038 locum
726 1019 740 1048 ,.

76 1074 153 1129 quens
170 1054 324 1115 Amanicas
344 1052 431 1136 Pylas
450 1073 577 1125 vocant,
597 1058 740 1134 pervenit.

76 1131 136 1194 Nec
148 1133 309 1196 dubitavere
325 1133 416 1194 Persa
431 1176 443 1201 ‚
459 1135 526 1212 quin
540 1136 599 1196 Isso
615 1136 736 1207 relicta,

76 1233 149 1289 quam
160 1220 311 1292 ceperant,
325 1212 498 1274 Macedones
504 1215 644 1294 fugerent.
656 1214 738 1278 Nam

73 1293 150 1351 etiam
164 1293 252 1353 saucii
269 1291 387 1369 quidam
405 1309 434 1353 et
454 1291 593 1364 invalidi,
614 1294 663 1386 qui
680 1317 736 1377 ag-

73 1391 132 1431 men
141 1391 201 1432 non
212 1388 347 1449 poterant
356 1374 504 1449 persequi,
519 1391 631 1453 excepta
643 1392 737 1439 erant.

72 1447 148 1526 Quos
171 1471 295 1534 omnes,
327 1451 462 1511 instinctu
484 1465 736 1531 purpuratorum,

69 1529 178 1590 barbam
193 1529 305 1590 feritate
320 1530 494 1592 sevientium
511 1570 523 1600 ,
540 1529 672 1612 precisis
685 1528 741 1590 ad-

69 1607 185 1688 ustisque
193 1606 323 1668 manibus
333 1607 556 1676 circumducunt
565 1608 660 1688 copias
669 1628 737 1670 suas

65 1704 242 1759 noscerent3
273 1685 396 1776 satisque
420 1686 543 1748 omnibus
567 1685 701 1768 spectatis
724 1727 737 1759 ,

66 1765 190 1828 nuntiare
212 1786 275 1845 pute
297 1764 436 1828 vidtssenr
459 1765 521 1844 regi
543 1786 617 1835 suo,
646 1766 741 1843 jussit.

66 1845 151 1908 Motis
167 1867 240 1927 ergo
259 1847 375 1915 castris,
395 1861 510 1923 superat
522 1843 659 1907 Pinarum
672 1865 740 1903 am-

65 1944 127 1987 nem
136 1967 150 1996 ,
173 1927 266 1985 inter
285 1925 329 1993 is,
347 1941 378 1985 ut
393 1924 546 1991 ‘credebat,
566 1921 740 2003 fugientium

66 2002 195 2067 hasurus.
206 2004 249 2064 At
260 1946 321 2073 iili,
332 2022 456 2080 <prorum
467 2017 661 2080 amputaverat
671 2023 742 2062 ma·

62 2104 134 2155 nus,
158 2082 198 2143 ad
221 2101 314 2143 castra
336 2082 531 2143 Macedonum
553 2099 702 2159 penetrant
726 2120 740 2150 ‚

64 2160 186 2224 Darium
198 2181 281 2240 quam
296 2160 416 2221 maximo
432 2179 516 2221 cursu
527 2176 640 2238 posset,
660 2158 739 2237 sequi

60 2244 237 2313 nuntiantes.
263 2241 326 2302 Vix
354 2239 425 2301 fides
449 2239 618 2300 habebatur..
637 2237 738 2315 Itaque

63 2324 255 2398 speculatores
266 2320 296 2380 in
306 2319 463 2380 maritimas
474 2318 605 2399 regiones
614 2312 743 2393 premis-

64 2422 104 2461 sos
126 2397 287 2481 explorare
305 2399 405 2488 jubet,
428 2397 521 2485 ipsene
547 2394 680 2464 adesset,
701 2414 742 2455 an

59 2478 270 2568 prnftctqrum·
288 2476 392 2556 aisquts
424 2494 546 2555 spectent
564 2472 740 2615 Isahuisser

61 2570 188 2622 traversa
202 2555 347 2618 vementis
361 2554 511 2616 exercitus.
527 2553 563 2615 Se
595 2575 661 2615 cum
674 2572 740 2630 spe-

60 2637 205 2711 ,sulatores
241 2650 476 2717 reverterentur,
510 2633 612 2714 procul
639 2633 748 2716 ingens

610 2731 651 2790 Μ
