1962 3632
274 270 327 322 116
448 251 506 335 Q.
530 252 556 316 C
576 254 608 316 U
626 256 698 324 ΚΤ..
718 256 731 316 Ῑ
751 246 776 316 1'

185 380 196 403 ·
269 360 360 421 visset
371 374 385 430 ,·
405 357 509 436 cupido
527 354 641 416 incessit
657 355 756 431 animo
778 352 863 416 sortis
883 344 947 436 eju's

267 437 429 515 implendae.
455 437 540 497 Circa
556 455 653 514 regem
672 452 732 494 erat
751 433 943 516 et.Phrygum

268 520 372 584 turba,
393 531 421 589 et
435 516 627 576 Macedonum
646 536 655 573 ε
675 514 724 572 illa
741 517 946 590 expectatione

267 615 420 672 suspensa,
442 595 501 655 haec
514 594 634 652 sollicita
651 611 686 649 ex
699 591 849 651 temeraria
871 594 946 673 regis

267 674 382 736 fi'ducia.
402 673 518 751 Quippe
535 673 618 731 series
636 669 816 730 vinculorum
836 670 879 731 ita
894 688 943 731 ἢν·

268 755 372 821 eriora,
392 771 423 813 ut
441 753 514 813 unde
540 769 630 809 nexus
649 749 784 825 inciperet
796 786 805 815 ‚
815 802 818 813 ,
829 770 892 825 quo
908 768 945 810 ve

268 832 462 900 reconderet,
478 830 651 890 uectatione
664 865 674 895 ‚
693 847 746 887 nee
759 831 820 889 visu
831 828 945 906 percipi

267 928 363 1002 porget
374 952 385 978 ,
410 910 520 971 solvere
531 926 662 996 aggresso
673 906 807 997 injecerat
818 928 921 968 curam
932 946 942 976 ‚

267 1010 353 1050 nem
372 1009 459 1049 omen
474 1003 630 1048 verteretur
651 1003 761 1045 irritum
779 1003 941 1062 inceptum.

266 1070 322 1130 llle
339 1087 517 1145 nequaquam
537 1067 584 1125 diu
602 1064 723 1123 luctatus
738 1085 805 1124 cum
821 1064 941 1125 latenti-

265 1150 318 1208 bus
331 1147 431 1218 nodis3
444 1142 515 1204 nihil
525 1187 537 1213 ,
549 1144 662 1220 iuquit,
678 1142 795 1202 interest
806 1140 941 1221 quomodo

266 1223 411 1286 solvuntur
423 1250 432 1281 :
443 1223 595 1304 gladioque
606 1220 692 1297 ruptis
703 1221 836 1281 omnibus
847 1223 940 1289 loris,

266 1304 377 1363 oraculi
400 1321 507 1362 sortem
527 1303 575 1363 vel
595 1299 699 1368 elusit,
720 1301 768 1362 uel
794 1300 941 1378 implevit.

265 1382 344 1442 Cum
362 1381 462 1442 deinde
483 1380 628 1446 Darium,
651 1378 822 1454 ubicumque
845 1397 939 1448 esset,

266 1481 407 1538 occupare
424 1461 582 1531 statuisset3
599 1474 632 1518 ut
647 1478 663 1516 a
676 1472 757 1538 tergo
771 1474 831 1518 tura
847 1459 939 1518 relin-

266 1558 387 1617 queret,
402 1538 614 1617 Amphoterum
627 1536 708 1596 classi
721 1536 757 1597 ad
771 1557 855 1596 oram
866 1536 942 1596 Hel·

265 1619 410 1696 lesponti‚
432 1619 521 1696 copiis
547 1634 642 1690 autem
661 1615 784 1692 prefecit
801 1614 939 1695 Hegelo-

264 1695 351 1758 chum
365 1720 375 1769 ;
391 1696 514 1756 Lesbum
525 1710 585 1775 ‚et
595 1692 703 1753 Chium
715 1710 774 1762 ‚et
784 1693 854 1754 Con
868 1715 940 1772 prae·
976 1770 977 1773 Ἴ

263 1775 341 1837 sidiis
360 1773 485 1836 hostium
504 1775 680 1834 liberaturos.
702 1772 757 1833 Hie
773 1773 884 1833 talenta
903 1771 939 1833 ad

264 1856 334 1915 belli
350 1875 432 1916 usum
451 1854 603 1933 quingenta
621 1853 752 1912 attributa
770 1874 779 1911 e
798 1851 833 1911 ad
854 1853 940 1913 Anti·

262 1950 377 2010 patrum
390 1950 450 2005 ,et
465 1953 515 1992 eos
531 1932 580 2008 qui
595 1928 710 1990 Graecas
721 1932 802 1990 urbes
814 1934 938 1992 tueban-

261 2029 333 2080 tur,
367 2028 500 2070 sexcenta
521 2010 606 2069 missa
631 2031 641 2068 t
663 2029 701 2069 ex
722 2008 826 2069 foedere
852 2028 939 2071 navet

261 2089 348 2151 sociis
356 2089 520 2167 imperata,
533 2109 594 2165 quae
603 2086 795 2165 Hellesponto
804 2090 938 2166 preside«

262 2184 337 2232 rent.
351 2169 490 2230 Nondum
501 2169 580 2228 enirn
590 2168 748 2227 Memnona
760 2168 819 2230 vita
831 2182 937 2229 excee·

260 2249 329 2309 sisse
344 2259 521 2328 cognoverat
531 2269 541 2307 ε
553 2246 583 2303 in
594 2262 682 2321 quem
693 2267 794 2307 omnes
804 2247 937 2307 intende·

259 2343 305 2386 rat
316 2346 395 2386 curas
407 2347 417 2398 3
434 2326 498 2384 satis
507 2344 628 2407 gnarus,
646 2326 789 2385 cunctam
801 2326 937 2403 expedito

259 2403 322 2464 fore
334 2444 344 2473 ‚
364 2404 386 2463 si
398 2402 470 2462 nihil
481 2407 516 2464 ab
525 2424 562 2464 eo
575 2420 749 2465 moveretur.
760 2405 888 2482 Jamque
896 2402 937 2464 'ad

259 2483 359 2542 urbem
370 2485 517 2559 Ancyram
526 2500 645 2544 ventum
654 2500 733 2551 erar,
749 2482 799 2542 ubi
811 2503 937 2544 numero

259 2560 409 2637 copiarum
419 2563 509 2630 inito,
518 2559 743 2638 Paphlagoniam
755 2561 841 2621 intrat
850 2585 860 2622 r
870 2561 937 2622 huic

260 2640 352 2720 juncti
365 2657 445 2704 erant
455 2639 559 2711 Eueni,
577 2639 653 2703 uude
672 2639 789 2718 quidam
803 2640 939 2707 Veneror
