1962 3632
236 282 433 369 trar‘n
470 309 561 378 ιιι
683 290 743 408 ib

63 382 190 453 berum:
203 393 277 489 alii,
293 399 350 477 qui
361 420 472 470 rectum
488 410 543 476 iter
558 415 745 503 inPersidern

66 466 206 545 ducebat,
225 477 345 553 quidam
355 483 506 553 circumitu
518 515 621 575 rupes,
640 511 743 583 saltus·

66 566 119 622 que
127 553 277 616 montium
288 562 419 624 occultos
427 571 552 645 petivere
564 599 574 650 3
585 588 671 657 pauci
681 611 744 655 cas·

65 641 105 685 rra
114 626 211 691 Darii.
224 633 280 695 Sed
293 637 353 716 jam
364 641 415 704 illa
426 669 539 729 quoque
549 654 638 724 hostis
647 669 741 736 victor

63 702 239 782 intraverat,
261 718 474 798 omniquidem
494 738 641 811 opulentii
658 746 740 825 ditia.

75 804 164 924 ἕξεις
175 793 239 882 auri
251 800 417 878 argentique
427 809 559 886 pondus,
578 838 639 889 non
652 826 738 902 belli,

63 884 76 921 ε
116 867 743 971 luxurraeapparaturn,diripuerantmilites.-

63 940 194 1023 Cumque
206 952 272 1027 plus
280 975 428 1034 raperent,
446 970 550 1043 passim
561 993 647 1041 strata
657 985 745 1061 erant.

63 1019 163 1086 itinera
177 1030 328 1097 vilioribus
340 1042 473 1116 sarcinis,
489 1069 559 1127 quas
567 1055 599 1119 in
611 1080 736 1143 compa·

61 1104 169 1167 ratione
188 1112 350 1177 meliorum
373 1125 490 1187 avaritia
513 1152 735 1219 contempserat.

60 1179 178 1262 Jamque
195 1189 233 1248 ad
250 1192 372 1258 feminas
387 1221 556 1279 perventum
571 1237 633 1280 erat
646 1244 656 1295 ι
669 1226 735 1303 qui·

60 1259 127 1333 bus,
139 1287 200 1343 quo
210 1271 324 1334 cariora
334 1296 500 1348 ornamenta
511 1311 595 1367 sunt,
613 1302 731 1365 violen-

59 1340 110 1402 tius
118 1343 340 1414 detrahebantur
351 1378 361 1416 ι
374 1379 429 1423 nec
440 1373 605 1445 corporibus
616 1380 738 1457 quidem,

58 1419 97 1481 ris
108 1443 142 1484 ac
153 1426 248 1489 libido
260 1437 406 1507 parcebat.
421 1440 530 1511 Omnia
547 1454 665 1532 planetu
683 1480 731 1525 tu-

55 1501 230 1583 multuque,
265 1530 352 1586 prout
373 1520 474 1599 cuique
495 1528 609 1596 fortuna
635 1559 696 1603 erat
715 1542 744 1613 ,'

55 1597 140 1643 castra
164 1588 369 1665 repleverant,
390 1618 445 1662 nec
466 1605 525 1675 ulla
548 1610 636 1676 facies
657 1622 730 1687 mali

55 1656 166 1734 deerat,
184 1686 256 1726 cum
266 1690 318 1746 per
326 1694 427 1741 omnes
436 1684 548 1750 ordines
557 1709 726 1775 aetatesque,

54 1738 166 1803 victoris
197 1747 349 1812 crudelitas
363 1778 405 1827 an
428 1761 544 1827 licentia
565 1793 730 1854 vagaretur.

53 1814 732 1925 'l'uncveroimpotentisfortunaespeeiescons·

53 1896 104 1973 pici
118 1903 217 1979 patuit
228 1926 238 1963 ε
248 1927 320 1969 cum
329 1912 369 1982 ii,
384 1918 433 1993 qui
446 1926 508 1985 tum
517 1924 610 1992 Dario
626 1935 724 1998 tabet-

52 1982 183 2043 naculum
194 2003 423 2065 exornaverant,
441 2005 523 2064 omni
531 2006 601 2071 luxu
611 2029 641 2072 et
651 2035 725 2094 opu·

52 2053 132 2121 leutia
142 2062 337 2142 instructum
355 2074 456 2137 eadem
467 2080 519 2143 illa
535 2085 723 2167 Alexandro,

52 2141 123 2212 quasi
139 2142 232 2203 veteri
245 2144 366 2211 domino
381 2163 571 2226 reservabant.
586 2167 723 2251 Namque

51 2214 78 2274 id
90 2220 184 2282 selum
199 2222 342 2289 intactum
360 2234 515 2301 omiserant
529 2244 655 2319 milites,
680 2254 721 2317 ita

50 2297 145 2359 tradito
155 2323 261 2372 more,
274 2321 306 2366 ut
314 2309 455 2375 victorem
466 2318 534 2382 victi
544 2324 617 2407 regis
627 2331 721 2393 taber·

51 2380 146 2439 murlo
156 2382 334 2459 exciperent.
341 2389 395 2451 Sed
406 2398 538 2460 omnium
548 2406 648 2469 oculos
659 2413 726 2477 ani-t

51 2473 161 2536 mosque
184 2461 216 2520 in
236 2483 329 2527 semet
350 2490 550 2539 converterant
572 2489 718 2564 captivae,

50 2552 151 2606 mater,
177 2541 286 2620 conjux
305 2567 342 2607 ue
354 2547 437 2612 Darii
450 2577 459 2615 ι
472 2554 523 2618 illa
534 2581 593 2623 non
609 2569 716 2646 majes-

48 2627 99 2676 tate
113 2618 233 2690 solum,
252 2566 304 2683 seri
318 2626 405 2690 etiam
423 2652 502 2697 aetate
521 2648 715 2720 venerabilis3

45 2688 208 2767 &tietmar
218 2702 452 2784 pulchritudine,
472 2719 587 2782 necilla
599 2724 716 2799 quidem

541 2816 614 2907 Nrj
705 2826 731 2843 ‘
