1994 3632
270 263 465 327 LIBER
511 265 586 331 IV.
709 287 765 346 203

89 366 233 432 abundare
251 384 410 445 coeperunt.
431 366 473 427 Ea
490 387 534 428 rec
550 366 610 445 ipsa
627 368 714 430 militi
733 370 770 433 ad

89 445 320 528 persequendum
343 444 456 507 hostem
477 449 607 506 animum
631 447 769 513 incendit.

90 528 210 606 Quippe
231 542 332 586 urente
351 543 381 586 et
400 528 555 604 populante
573 546 609 586 eo
629 544 734 590 tetram
755 569 767 599 ‚

89 607 285 668 festinandum
296 622 375 675 erat,
388 626 425 666 ne
435 607 568 666 incendio
578 624 679 668 cuncta
693 629 769 686 ptae-

87 688 207 766 iipetet.
220 687 257 745 In
272 685 414 746 rationem
425 706 494 765 ergo
504 685 656 747 necessitas
666 684 765 749 versut

87 767 194 844 quippe
210 766 356 835 Mazaeus,
367 765 421 842 qui
431 783 515 825 antea
525 785 577 842 per
586 767 679 825 otium
688 768 768 827 vicos

86 845 278 915 incenderat3
297 843 357 922 jam
370 845 469 926 fugere
485 861 656 912 contentus,
671 846 767 922 plera-

105 946 144 986 ue
153 923 298 985 inviolata
308 920 383 983 hosti
392 923 517 1001 reliquit.
526 922 769 983 Alexanderhnud

86 942 203 1084 iungitis
213 999 640 1082 centumquinquagintasmdiis
648 1001 771 1064 Darium

88 1083 189 1144 abesse
212 1099 402 1171 compererat.
429 1080 528 1160 Itaque
551 1081 587 1142 ad
611 1083 771 1143 sutietatem

87 1182 206 1241 quoque
235 1181 321 1238 copta
346 1181 561 1221 commeatuum
587 1162 769 1232 instructus,

88 1242 242 1320 quatriduo
262 1240 294 1298 in
312 1241 415 1300 eodem
435 1241 504 1301 loco
524 1241 654 1302 substitit.
672 1243 767 1303 Inter·

88 1339 179 1400 ceptae
201 1319 303 1378 deinde
323 1319 406 1378 Darii
432 1319 519 1381 litetae
543 1337 636 1393 sunt3
666 1324 767 1398 quibus

89 1400 187 1461 Gtaeci
214 1397 325 1458 milites
346 1399 595 1468 sollicitabantur,
620 1415 652 1459 ut
673 1419 768 1480 regem

88 1476 304 1556 utterficerent,
316 1492 366 1537 αυτ
372 1476 520 1558 proderent
531 1504 541 1536 .-
552 1477 745 1556 dubitavitque
756 1518 768 1548 ‚

90 1580 125 1619 an
136 1576 188 1618 eas
197 1576 248 1637 pro
261 1555 393 1615 concione
401 1555 553 1626 recitaret,
571 1557 634 1617 satis
645 1558 768 1618 confisus

38 1634 41 1643 ¹
90 1636 266 1699 Graecorum
284 1656 399 1713 quoque
423 1656 490 1716 erga
509 1655 538 1696 se
560 1637 769 1700 benevolentia:

90 1730 122 1779 nc
134 1716 217 1776 fidei.
235 1714 290 1774 Sed
303 1714 456 1775 Parmenio
469 1715 625 1792 deterruit3
639 1736 694 1777 non
706 1734 769 1776 etse

90 1796 194 1867 talibus
204 1792 352 1874 promissis
362 1792 523 1855 imbuendas
532 1814 614 1855 aures
627 1793 768 1854 miiitum.-

87 1894 181 1956 patere
192 1871 241 1936 vel
253 1870 335 1934 unius
347 1871 463 1933 insidiis
477 1892 571 1954 regem
584 1900 593 1936 .·
605 1871 677 1934 nihil
689 1871 770 1948 nefas

91 1975 150 2015 etse
162 1951 310 2017 avaritiae.
328 1954 447 2014 Secutus
462 1954 575 2014 consilii
595 1969 768 2022 auctorem,

90 2050 179 2096 castra
198 2033 306 2094 movit.
322 2034 380 2093 Iter
395 2030 511 2094 facienti
526 2035 619 2110 ‘spado
635 2054 714 2095 unus
731 2052 769 2093 ex

91 2114 227 2192 captivis,
243 2113 294 2189 qui
305 2112 388 2172 Darii
401 2132 522 2173 uxorem
536 2114 767 2180 comimbantut,

91 2193 209 2274 inicere
227 2211 289 2252 enm
308 2193 440 2265 nuntiat3
458 2208 486 2251 et
497 2193 555 2252 uix
568 2191 696 2272 spiritum
716 2188 769 2248 du·

92 2286 165 2334 c'ere.
187 2271 300 2332 Itineris
328 2272 458 2333 continui
481 2273 602 2341 labore,
624 2269 768 2347 animique

92 2352 256 2434 aegritudine
270 2353 409 2432 fatigata,
428 2351 504 2411 inter
518 2370 614 2412 socrus
631 2370 659 2412 et
678 2349 779 2430 vingi-¹
831 2368 834 2374 ’

92 2450 160 2492 num
174 2431 300 2492 filiatum
310 2446 414 2491 manus
427 2432 552 2508 collapsa
565 2447 645 2505 etat3
665 2429 768 2492 deinde

92 2511 319 2573 etextincta..ld
334 2511 427 2588 ipsum
442 2512 573 2573 nuntians
588 2512 660 2571 alius
670 2528 768 2588 super·

91 2593 180 2653 venit.
193 2591 231 2650 Et
247 2611 297 2651 rex
309 2590 384 2650 haud
395 2608 493 2661 setus,
509 2610 594 2670 quam
609 2587 768 2668 sipnrentit

91 2688 146 2732 suae
172 2691 254 2732 mors
279 2669 408 2734 nuntiata
432 2687 526 2743 esset,
547 2672 660 2737 crebros
682 2666 775 2739 edidit
