1962 3632
244 272 297 334 t7'6
419 254 462 340 Q.
507 252 743 322 CURTH

240 377 438 442 preceperant.
447 361 534 424 Forte
543 382 594 423 rex
602 358 761 421 clossemin
772 356 931 420 diversum

237 457 371 522 pattena
392 441 402 499 ι’
419 443 552 519 jusserat,
570 438 688 520 triginta
699 435 855 497 minoribus
868 438 927 497 na'·

241 517 329 599 vigiis
340 459 454 580 relictis
462 520 491 579 in
502 519 581 580 litore
591 539 604 591 ;
616 520 740 596 equibus
750 516 839 593 Tyrii
849 518 926 578 duo·

240 601 292 658 bus
305 600 414 677 captis,
430 617 522 659 cetera
533 598 641 679 ingenti
651 613 808 665 terruerant
818 613 925 657 metu:

242 677 335 739 donec
346 699 462 739 suorum
476 679 604 738 clamore
619 677 714 737 audito
724 676 920 746 Alexander,

242 759 361 817 classem
376 757 477 826 litori,
500 775 515 814 e
532 772 589 835 quo
606 755 733 815 fremitus
748 754 920 824 acciderat,

243 837 382 899 admovit.
411 836 506 896 Prima
532 851 549 897 e·
577 835 768 916 Macedonum
795 835 920 894 navibus

236 915 613 993 'quinqueremisvelocitate
630 914 702 974 inter
715 930 823 973 ceteras
840 913 918 972 emi-

243 1014 314 1055 nens
329 996 451 1055 occurrit
463 1009 473 1054 τ’
484 1014 569 1071 quarn
582 1012 614 1054 ut
624 1010 796 1069 conspexere
808 991 894 1068 Tyrii
904 1032 915 1060 ,

244 1074 303 1133 duae
314 1090 331 1133 e
343 1074 452 1133 diverso
469 1072 498 1132 in
516 1075 604 1133 latera
619 1074 681 1151 ejus
694 1073 814 1132 invectae
828 1087 915 1142 sunt3

242 1153 273 1211 in
299 1170 418 1229 quarum
444 1153 562 1213 alteram
584 1150 792 1229 quinqueremis
813 1151 915 1210 eadem

241 1231 407 1299 concitata,
427 1249 456 1290 et
471 1233 531 1310 ipsa
542 1248 633 1295 rostro
647 1233 701 1293 icta
711 1248 773 1301 est3
791 1246 821 1289 et
831 1229 914 1288 illam

235 1309 367 1370 ¹invicem
380 1310 480 1371 tenuit.
496 1311 617 1387 Jamque
635 1331 688 1379 ea,
709 1328 769 1386 quae
780 1329 841 1368 non
859 1329 914 1367 co·

243 1388 386 1458 herebat,
410 1389 504 1448 libero
519 1391 626 1466 impetu
644 1406 765 1456 evecta,
788 1388 818 1445 is
836 1386 913 1446 aliud

243 1467 452 1545 quinqueremis
468 1470 539 1529 latus
551 1466 758 1541 invehebatur3
777 1483 845 1526 cum
857 1487 912 1542 op·

242 1546 417 1623 portunitate
426 1547 498 1607 mita
510 1548 652 1608 triremise
662 1547 747 1608 classe
756 1544 913 1605 Alexandri

243 1627 350 1685 ineam
364 1626 474 1703 ipsam,
490 1647 550 1703 quae
562 1625 755 1704 quinqueremi
770 1624 909 1685 immine-

243 1707 311 1773 but',
324 1720 402 1764 tanta
412 1705 441 1763 vi
453 1705 572 1783 impulsa
584 1722 642 1775 est,
657 1724 688 1766 ut
698 1704 802 1781 Tyrius
832 1704 912 1763 uber-

212 1808 219 1820 ·
243 1796 326 1842 nator
343 1784 372 1843 in
385 1805 462 1844 mare
475 1802 652 1846 excuteretur
670 1806 686 1846 e
698 1784 800 1863 puppi·
811 1724 912 1843 {lutet

242 1861 343 1921 deinde
352 1862 545 1922 Macedonum
556 1883 640 1926 naves
651 1862 871 1941 superveniunt,
884 1880 911 1922 et

242 1956 293 1998 rex
310 1959 423 2017 quoque
441 1940 557 2015 aderat;
578 1963 644 2004 cum
657 1942 738 2020 Tyrii
754 1940 910 2003 inhibentes

241 2016 909 2099 remis,aegreevellerenavem,quaehaerebat,

241 2113 413 2176 portumque
428 2100 525 2160 omnia
540 2099 624 2161 simul
640 2099 753 2180 navigia
770 2118 910 2178 repetunt,

241 2175 403 2256 Confestim
420 2198 470 2237 rex
482 2178 640 2249 insecutus,
661 2197 776 2257 portum
797 2181 909 2257 quidem

241 2256 345 2315 intrare
366 2272 425 2315 non
443 2258 556 2333 potuit,
582 2279 648 2319 curn
666 2259 802 2335 procule
823 2260 908 2319 muris

242 2333 391 2393 missilibus
402 2336 631 2412 submoveretur;
643 2358 729 2400 naves
738 2354 836 2398 autent
847 2359 908 2397 om·

242 2430 293 2470 nes
313 2412 371 2472 fere
394 2430 442 2472 aut
461 2415 611 2485 demersit,
635 2434 684 2478 aut
703 2417 789 2494 cepit.
818 2417 907 2478 Biduo

243 2490 341 2550 deindo
352 2491 386 2550 ad
395 2495 520 2569 quietem
532 2495 599 2554 dato
609 2494 763 2565 militibus,
776 2495 906 2574 iussisque

244 2589 271 2629 et
284 2567 421 2659 classem,
441 2587 468 2630 et
479 2570 621 2633 machinas
628 2571 732 2654 pariter
746 2573 906 2645 admovere,

239 2660 273 2708 ‘ut
287 2665 420 2731 utrimque
432 2648 539 2711 territis
553 2649 695 2725 instaret,-
715 2654 775 2733 ipse
787 2653 904 2714 inaltu-
