1968 3636
238 285 301 371 ’μὶ
421 283 468 368 Q.
506 282 755 350 cunurr

243 411 276 455 et
285 388 480 459 Leonnatum,
502 387 540 449 sti
573 385 679 468 eregit
691 382 913 466 genianudje
973 416 974 473 p

244 472 306 540 cit‚·
327 485 357 527 ut
370 468 400 528 in
412 465 522 547 Europa
559 485 666 528 rotenus
678 483 705 525 et
713 463 866 546 Antipater
875 484 914 526 tes
973 476 974 507 l

244 545 914 634 administrarenr.Tumjusjurandumasingulis

242 645 379 690 exactum
391 624 507 703 futuros
531 627 561 686 in
577 640 715 706 potestate
734 624 815 703 regis
829 623 913 705 genitu
972 632 974 693 l

241 705 420 770 Alexandro.
446 707 597 787 Meleager
616 704 690 765 baud
708 702 821 782 injuria
840 723 913 764 metu

242 786 374 865 supplicii
385 785 513 853 territus,
528 790 595 847 cuni
605 785 660 845 suis
669 802 833 847 secesserat.
847 784 914 845 Rut-
972 802 974 821 ¹

235 865 452 944 susPhilippunt
462 864 574 931 trahens
582 884 678 925 secum
686 863 789 941 irrupit
797 863 910 944 regiam,

237 948 390 1006 clamitans
400 940 550 1024 suffioguri
557 941 715 1023 reipublice
723 940 759 1003 tle
768 964 839 1003 novo
848 961 909 1022 rege

236 1024 320 1105 paulo
336 1039 400 1085 ante
413 1042 541 1102 concepto
560 1018 672 1082 s'robur
687 1021 786 1082 ceratis
804 1021 909 1112 experi-

237 1120 335 1164 rentur
345 1123 357 1176 ;
376 1100 454 1163 modo
472 1101 510 1160 sti
544 1121 585 1161 ern
598 1098 749 1180 Philippi,
767 1121 795 1161 et
805 1099 907 1178 fillum,

235 1181 393 1257 eufronem
402 1199 496 1260 regum
526 1199 617 1239 uorum
625 1178 814 1260 sibimetipsis
822 1179 907 1260 potis·

236 1259 338 1319 st'rnum
347 1258 498 1320 crederent.
509 1259 632 1321 Nullum
638 1259 815 1337 profundum
823 1278 907 1326 mare,

236 1340 351 1404 nullutn
361 1357 472 1400 vastum
482 1340 586 1401 fretum
597 1355 625 1400 et
634 1338 833 1416 procellosum
848 1355 909 1397 tan-

239 1435 285 1478 tos
296 1418 352 1480 ciet
367 1417 486 1488 fluctus,
508 1438 628 1494 quantos
644 1418 800 1479 multitudo
818 1436 909 1477 motus

237 1496 324 1558 habet
335 1541 346 1569 ,
369 1499 466 1575 utique
477 1498 499 1556 si
509 1518 585 1558 nova
596 1516 623 1557 ct
633 1497 713 1557 brevi
728 1498 862 1557 duratura
875 1495 911 1554 li·

234 1577 343 1638 bettate
373 1577 507 1638 luxuriat.
535 1576 624 1637 Pauci
651 1575 791 1637 Perdiccae
823 1575 910 1636 modo
973 1576 974 1603 ³

231 1655 345 1726 electo,
363 1658 457 1734 plures
469 1651 544 1715 Phili
565 1654 567 1658 ⁴
585 1676 605 1715 o
623 1676 710 1732 quam
725 1672 909 1733 speraverat,

222 1733 385 1811 imperium
401 1737 515 1799 dabant.
573 1754 607 1794 ec
623 1735 717 1802 velle,
737 1755 793 1795 nec
809 1735 910 1800 nolle,

232 1813 387 1890 quidquam
427 1815 475 1874 diu
501 1829 660 1891 poterant;
697 1814 910 1890 paenitebatque

232 1894 324 1952 modo
349 1893 484 1961 consilii,
504 1893 593 1952 modo
615 1892 787 1969 poenitentiae
809 1893 911 1969 ipsius.

230 1969 279 2033 Ad
296 1973 431 2032 ultimum
449 1987 546 2032 tamen
560 1973 588 2030 in
602 1970 719 2049 stirpem
732 1972 843 2054 regiam
860 1972 911 2031 in·

233 2048 379 2114 clinauere
404 2049 510 2111 studiis.
540 2050 671 2111 Cesserat
698 2073 734 2112 ex
763 2051 909 2112 concione

223 2126 255 2187 'A
262 2127 359 2190 tideus
367 2129 527 2208 principum
538 2129 706 2190 auctoritate
716 2131 909 2196 conterritus,

226 2223 257 2265 et
278 2211 398 2270 abeunte
413 2211 466 2268 illo
487 2209 663 2268 conticuerat
678 2210 795 2288 magis,
821 2230 908 2288 quam

224 2285 378 2366 languerat
389 2289 518 2349 militaris
531 2289 624 2349 favor.
642 2288 740 2365 Itaque
755 2306 908 2351 revocatus

223 2382 339 2425 vestem
355 2368 468 2435 fratris,
490 2388 554 2427 eam
572 2367 682 2444 ipsam,
705 2388 766 2443 quae
784 2368 817 2429 in
839 2368 907 2430 sella

223 2444 441 2521 positafuerat,
463 2446 596 2510 induitur.
618 2445 655 2504 Et
668 2447 821 2528 Meleager
838 2449 907 2509 tho*

226 2540 293 2584 tace
306 2541 400 2585 sumto
417 2529 600 2603 capitarma,
621 2525 747 2602 novique
765 2528 844 2609 regis
857 2547 905 2588 sa-
973 2530 974 2593 l

223 2602 309 2663 telles
322 2605 455 2680 sequitur.
465 2606 592 2666 Phalanx
603 2602 687 2663 hastis
698 2606 819 2682 clypeos
830 2626 907 2694 qua-0

221 2679 318 2756 tiens,
335 2681 543 2766 expleturotnssse
554 2682 690 2765 sanguine
701 2682 839 2771 illosum,
858 2700 907 2765 qu
