1962 3632
60 404 125 470 illus
144 410 265 491 navigia
285 408 411 470 classicis
431 409 517 468 cessir'
530 412 544 469 l
555 406 731 488 appulsaque

62 498 117 548 sunt
127 490 232 559 litori,
252 492 376 550 lacerata
385 489 529 565 pleraque.
552 489 728 550 lisdemdie-

61 567 105 626 bus
122 568 201 630 forte
217 567 491 649 Carthaginensium
508 568 594 648 legati
614 569 729 649 trigiam

61 647 281 723 superveniunt,
311 647 404 721 maius
423 646 539 706 obsessis
560 648 694 708 solatium
715 688 727 719 ,

94 747 137 785 am
159 728 305 788 auxilium
328 749 338 785 ε
362 727 466 803 quipe
487 723 637 784 domestico
658 725 730 785 hello

61 745 157 864 &cenos
172 803 326 885 impediri,
352 822 403 862 nec
435 823 450 861 c
463 802 576 882 imperio
590 842 604 872 ,.
620 803 669 862 sed
680 824 730 884 pro

52 883 145 943 salute
178 882 318 944 dimicare
351 883 534 943 nuntiabanta
561 882 729 959 Syracusani

61 971 124 1022 nunc
141 962 273 1023 Africam
294 964 458 1042 urgebant3
482 978 512 1021 et
530 960 606 1022 haud
629 965 730 1040 procul

65 1039 237 1123 Carthaginis
248 1043 336 1101 muris
351 1042 519 1102 locaverant
532 1059 634 1103 castra.
656 1040 688 1100 N
689 1062 729 1101 on

64 1130 151 1181 tamen
170 1122 300 1181 defecere
316 1120 419 1180 animis
439 1121 542 1197 Tyrii,
562 1138 727 1198 quanquam

64 1202 94 1258 ab
102 1200 210 1282 ingenti
223 1220 272 1277 spe
284 1199 409 1259 destituti
419 1218 521 1269 etanta
531 1202 577 1259 sed
589 1202 730 1281 conjuges

63 1279 215 1357 liberosque
231 1277 412 1339 devehendos
421 1278 524 1338 Cartha
549 1280 624 1339 ‘nem
639 1281 728 1342 tradi-

65 1357 155 1420 derunt
166 1382 176 1420 r
187 1358 290 1419 fortius
308 1357 440 1435 quidquid
456 1360 517 1418 auci
535 1375 594 1418 eret
609 1360 692 1420 laturi
713 1401 724 1427 ,

65 1437 272 1499 sicarissimam
285 1437 328 1498 sni
344 1453 453 1515 partem
469 1455 548 1498 extra
563 1438 728 1501 communis

64 1518 173 1592 periculi
190 1534 302 1578 sortem
316 1515 488 1576 habuissent.
507 1517 639 1594 Cumque
653 1539 727 1579 nnus

66 1597 191 1658 ecivibus
205 1596 343 1657 concioni
354 1594 520 1663 indicassem
536 1592 729 1656 nllarnmesse

62 1690 106 1752 per
121 1688 246 1735 somnum
263 1672 319 1733 sili
335 1672 455 1754 speeiem
465 1670 627 1754 Apollinis,
641 1694 728 1754 quem

66 1754 159 1814 eximia
171 1754 315 1836 religione
325 1755 473 1822 colerent,
490 1750 581 1812 urbem
598 1751 729 1814 deseren-

66 1831 124 1903 n's;
146 1831 298 1911 molemque
319 1829 554 1892 aMacedonilus
570 1831 677 1908 jactam
697 1831 731 1890 in

66 1907 138 1980 selo,
159 1912 189 1971 in
206 1910 364 1971 silvestrem
375 1909 476 1971 saltum
490 1928 553 1969 esse
570 1926 728 1970 muratam.-

66 2007 220 2068 uunquam
231 2009 332 2051 auctor
341 1991 412 2051 levis
421 2008 501 2060 etat,
519 2006 615 2050 tamen
627 1989 661 2051 ad
672 1990 727 2050 deb

67 2069 161 2130 teriora
171 2069 312 2130 credenda
322 2070 405 2145 proni
414 2088 515 2137 metu,
531 2087 616 2128 micea
626 2087 728 2130 catena

66 2147 209 2209 devinxere
222 2149 428 2216 simulacrum,
445 2166 553 2224 araque
570 2145 728 2215 Herculis,

66 2229 136 2305 cujus
146 2228 259 2289 smmini
272 2229 373 2289 urbem
382 2227 567 2294 dicaverant,
587 2224 729 2286 inseruere

64 2306 201 2368 vinculum
214 2330 225 2381 3
242 2306 322 2385 quasi
336 2307 390 2367 illo
406 2305 474 2367 Deo
494 2303 664 2383 Apollinem
679 2323 727 2365 re·

66 2387 172 2449 centuri.
194 2387 336 2465 Syracusis
355 2387 384 2445 id
400 2386 582 2447 simulacrum
598 2384 725 2446 devere*

66 2481 121 2524 rant
133 2465 232 2537 Poeni,
244 2483 274 2525 et
284 2465 314 2524 in
324 2465 436 2540 majore
445 2466 609 2526 locaverant
618 2464 728 2542 patrias

65 2544 210 2623 multisque
231 2544 294 2606 aliis
313 2544 413 2621 spoliis
433 2542 568 2611 urbium,
597 2565 614 2605 a
636 2559 730 2604 semet

66 2641 202 2698 ceparum
212 2658 224 2692 ‚·
234 2644 293 2684 non
305 2622 509 2703 Carthaginem
520 2622 628 2703 magis,
639 2640 728 2699 quatu

66 2698 169 2779 Tyrum
178 2720 364 2768 ornaverant.
373 2702 489 2766 Sacrum
499 2721 613 2781 quoque
622 2738 638 2770 ‚.
649 2697 729 2776 quod

535 2798 607 2876 Piij
