1936 3644
74 375 85 397 '
225 278 416 356 LIBER
454 291 578 360 Vlll.
676 296 734 369 461

18 414 20 449 ε
68 400 101 471 ιιι
118 396 240 461 terram,
262 395 298 454 ab
321 393 387 472 ipsis
408 396 616 458 obterebantur.
636 395 739 473 ltaque

18 480 21 531 i
73 481 203 540 pecorum
214 473 302 532 modo
313 475 404 554 magis
414 476 523 553 pavidi,
534 497 619 554 quam
630 475 738 546 infesti,

73 543 139 606 ultra
156 550 247 611 aciem
263 554 469 632 exigebantur3
488 575 554 614 curn
572 553 660 614 Porus
675 555 738 616 des·

18 672 19 690 p
73 621 162 686 titutur
173 650 190 688 a
201 631 345 707 pluribus,
364 635 423 694 tela
440 634 534 693 multo
549 652 614 697 ante
628 653 738 710 praepa-
832 668 836 677 ‚

18 738 19 769 2
72 719 126 793 fata
135 706 163 765 in
175 709 359 772 circumfusos
373 734 409 773 ex
421 712 575 790 elephanto
586 734 639 772 suo
650 714 738 790 coepit

18 816 19 847 1
71 800 219 864 ingerere,
245 791 397 869 multisque
417 792 528 853 eminus
551 793 735 861 vulneratis,

18 898 19 927 ;
72 866 206 939 expositus
219 869 278 946 ipse
295 871 330 930 ad
345 873 417 932 ictus
432 871 555 949 undique
576 872 735 948 petebatur.

18 984 19 987 ,
70 936 180 1005 Novem
204 947 264 1022 iam
287 951 405 1012 vulnera
429 949 497 1011 hine
522 968 631 1032 tergo,
654 948 736 1016 illino

69 1037 176 1095 pectore
187 1047 339 1107 exceperat
346 1069 356 1099 ‚
363 1032 513 1109 multoque
521 1051 569 1090 san
572 1029 659 1112 guine
668 1049 737 1106 pro-

68 1098 272 1187 fusolanguidis
280 1108 409 1170 manibus
417 1111 508 1192 magis
519 1110 632 1188 elapsa,
646 1127 736 1186 quam

68 1192 175 1269 fucussa
190 1189 248 1247 tela
267 1189 408 1252 mittebat.
428 1190 492 1250 Nec
511 1191 623 1270 segnius
638 1188 736 1249 bellua

68 1262 188 1326 tnstincta
196 1267 294 1336 rabie,
309 1270 436 1331 nondum
445 1268 537 1329 saucia
546 1267 734 1330 invehebatur

67 1340 734 1428 ordinibus;donecrectorbelluaeregemcons·

66 1422 137 1510 pexit
150 1423 302 1488 fluentibus
314 1428 448 1488 membris
464 1427 628 1504 omissisque
646 1424 733 1486 armis
785 1458 788 1465 ·

66 1515 110 1558 int
130 1523 299 1583 compotem
320 1506 433 1569 mentis.
457 1507 536 1565 Turn
557 1506 683 1566 belluam
701 1507 734 1565 in

65 1575 154 1658 fugam
171 1586 300 1647 concitat
320 1602 453 1663 sequente
472 1585 665 1644 Alexandro:
684 1583 734 1644 sed

66 1675 146 1749 eqpus
159 1664 219 1740 ejus
235 1665 334 1725 multis
349 1666 511 1725 vulneribus
522 1665 669 1725 confossus
681 1663 734 1722 de-

63 1734 208 1820 florensque
225 1738 398 1822 procubuit,
423 1744 516 1820 posito
534 1744 624 1823 magis
640 1763 731 1823 rege,

19 1872 22 1883 .
63 1835 142 1891 quam
159 1822 263 1884 effusO.
288 1824 387 1899 Itaque
404 1823 472 1883 dum
489 1838 594 1899 equum
612 1839 704 1880 mutat
721 1855 734 1890 ‚

63 1898 158 1961 tardius
173 1902 318 1972 insecutus
332 1920 383 1963 est.
397 1902 514 1962 lnrerinr
526 1903 610 1963 frater
621 1900 734 1961 Taxilis

62 1979 129 2056 regis
148 1983 288 2042 Indorum
306 1982 460 2057 praemissus
480 1983 515 2041 ab
540 1980 734 2050 Alexandro,

62 2073 173 2120 monere
191 2060 280 2137 coepit
294 2061 422 2129 Porum,
443 2082 477 2120 ne
491 2058 587 2119 ultima
609 2056 732 2136 experiri

57 2151 242 2213 perseveraret
255 2180 265 2208 ,
287 2138 447 2217 dederetque
459 2136 611 2198 revicturi.
629 2139 670 2195 At
681 2137 734 2196 ille

60 2234 216 2296 quanquam
229 2218 371 2280 exhauste
381 2237 462 2279 erant
470 2218 558 2283 vites,
570 2215 733 2275 deficiebat·

58 2312 109 2370 qne
125 2302 239 2381 sanguis
252 2322 262 2372 ς
281 2316 378 2359 tamen
392 2299 426 2359 ad
442 2316 542 2358 notam
557 2316 659 2355 vocem
675 2313 735 2359 ex·.

60 2372 156 2437 citatus
172 2398 337 2458 rogauero,
357 2377 467 2454 inquit,
487 2373 601 2436 Taxilis
608 2371 733 2449 fratrem
758 2398 761 2402 ⁴

58 2448 163 2532 imperii
179 2456 313 2537 regnique
327 2456 372 2515 sui
380 2455 545 2536 proditorem
556 2481 565 2515 .·
576 2471 605 2514 et
620 2454 709 2514 telum
719 2494 733 2522 ,

56 2535 129 2621 pund
139 2557 233 2597 unum
248 2537 322 2597 forte
340 2556 397 2596 non
409 2534 557 2597 effluxerat
568 2577 580 2604 ‚
593 2532 732 2594 contorsit

55 2629 84 2668 ιιι
94 2632 181 2685 eum,
200 2616 278 2694 quod
287 2626 339 2694 per
350 2617 476 2686 medium
487 2631 583 2693 pectus
594 2628 736 2688 penetra·‚

51 2687 95 2762 ‚Vll
109 2693 144 2758 ad
161 2712 289 2781 tergum.
310 2692 379 2760 Hor
395 2695 501 2760 ultimo
516 2692 626 2755 virtutis
643 2696 732 2770 opere

512 2790 582 2909 er
599 2786 632 2867 iii
