1968 3636
216 313 270 374 tn
305 325 338 387 Q,
374 274 548 385 cunrat
582 312 611 377 r.
642 311 677 374 rr.
731 325 783 402 rar

103 407 202 476 digiosa
216 427 241 463 et
255 411 360 462 minacia
374 412 561 470 nuntiarentur,
576 409 735 475 procurandis
747 409 780 460 iia

14 492 15 501 ¹
104 474 196 528 Graeco
207 476 278 529 simul
289 479 440 544 barbaroque
450 480 500 530 ritu
511 478 626 529 continua
636 497 702 529 sacra
712 483 778 529 faeta

3 564 15 577 λ’
103 560 171 597 sunt.
195 548 282 610 Neque
301 561 382 596 tamen
407 545 499 610 expiari
520 558 676 610 preterquam
696 555 779 596 morte

1 609 14 679 f
103 611 317 686 regisepotuere3
338 612 378 678 qui
402 620 457 663 eunt'
483 613 621 662 Nearchum
641 612 777 677 excepisset

104 679 227 729 convrvio·
242 715 249 737 ‚
269 680 364 745 iamque
379 681 487 731 cubitum
501 679 578 733 iturus
592 685 676 739 esser,
696 675 776 730 Medii

12 744 15 751 ’
103 745 222 796 Larissni.
234 747 330 799 obnixis
344 748 458 812 precibus
473 746 561 806 dedit,
579 762 606 796 nt
621 749 650 796 nd
662 762 717 797 enm
731 764 782 797 coa

103 828 237 883 apertarum
250 815 354 877 veniret.
369 814 415 866 Ubi
425 831 556 880 postquam
568 829 623 864 tota
632 830 707 865 nocte
719 831 777 878 pera

103 896 216 946 potasset
226 917 233 938 ,
243 883 306 932 male
316 883 401 932 habere
411 882 494 946 coepit.
504 886 675 948 Ingravescens
685 881 775 930 deinde
786 882 790 891 “

103 948 205 1016 triorbus
228 950 397 1015 ndeoomnes
417 949 484 1001 vires
506 948 570 1000 intra
592 956 686 997 sextum
709 946 777 1013 diem⁴

103 1013 232 1073 exhausit,
251 1032 277 1067 ut
291 1028 320 1065 tte
334 1017 404 1066 vocis
418 1017 515 1081 quidem
529 1030 637 1080 potestas
650 1029 722 1065 esset.
736 1019 776 1064 ln*

102 1080 171 1143 t‘erea
184 1078 278 1134 milites
293 1075 462 1134 sollieitudine
477 1082 649 1147 desiderioque
664 1082 714 1145 ejus
729 1099 775 1132 and

101 1149 156 1209 xii,
178 1162 311 1215 quanquam
329 1149 507 1202 obtestantibus
525 1150 645 1208 ducibus,
662 1168 691 1202 ne
705 1154 776 1202 vitiu

102 1219 211 1269 tudinem
231 1221 297 1286 regis
318 1236 465 1278 onerarent,
488 1231 677 1284 expresserunt,
701 1231 728 1269 ut
748 1215 776 1267 in

101 1287 263 1349 conspectum
276 1288 327 1350 ejus
342 1285 538 1342 admitterentur.

112 1478 117 1487 ¹
139 1450 233 1514 Cur.
256 1452 297 1514 Va
320 1453 494 1512 intuentibus
513 1448 646 1529 lacrymae
665 1457 778 1513 obortte.

99 1535 243 1609 praebuere
268 1533 391 1607 speciem
415 1532 473 1608 jam
495 1552 555 1590 non
577 1552 698 1610 regem,
725 1532 773 1590 sed

99 1608 185 1671 funus
196 1611 256 1689 ejus
267 1611 382 1670 visentis
393 1611 542 1670 exercitus.
555 1611 663 1669 Maeror
675 1621 778 1670 tamen

99 1688 344 1759 circumstantium
356 1690 465 1748 lectum
480 1690 643 1749 eminebat:
656 1709 726 1765 quos
740 1708 772 1747 ut

98 1783 151 1827 neat
170 1769 297 1844 aspexit,
314 1765 467 1826 Invenietis
476 1804 487 1835 ,
503 1769 593 1843 inquit
603 1808 614 1835 ,
635 1788 695 1826 cunr
716 1786 775 1831 exe

98 1865 233 1916 cessero,
254 1845 367 1924 dignum
380 1844 482 1906 talibus
494 1844 566 1905 viria
579 1866 671 1924 regem
686 1848 700 1904 ἓ
722 1846 771 1903 In·
849 1866 852 1871 ·

97 1924 231 1986 credibile
243 1926 319 1985 dictu
331 1925 498 2002 audituque,
511 1925 541 1983 in
552 1927 655 1984 eodem
670 1923 769 1994 habitu

98 2006 248 2079 corporis,
264 2005 294 2062 in
310 2024 395 2079 quem
414 2024 442 2062 se
460 2020 680 2080 composuerat,
700 2023 768 2061 cum

97 2081 266 2143 admissurus
275 2084 378 2143 milites
389 2100 481 2150 esset,
499 2082 629 2149 durasse,
647 2082 739 2141 donec
749 2102 768 2139 a

96 2179 163 2222 toro
177 2162 303 2240 exercitu
320 2163 373 2221 ilio
390 2162 423 2221 ad
434 2163 569 2222 ultimum
585 2161 769 2238 persalutatus

98 2258 164 2300 est:
184 2240 353 2318 dimissoque
372 2242 482 2320 vulgo,
503 2242 581 2300 velut
602 2239 681 2298 omni
702 2239 777 2298 rite.

95 2318 193 2380 debito
203 2316 364 2388 liberatus,
384 2321 501 2399 fatigata
517 2322 645 2378 membra
657 2318 766 2393 reiecit.
832 2377 835 2382 ,

95 2394 267 2476 Propiurque
279 2397 359 2458 edire
370 2399 449 2476 jussis
459 2398 575 2467 amicis,
589 2415 696 2465 namet
708 2416 766 2457 vox
793 2422 795 2425 ·

94 2476 215 2538 deficere
228 2477 288 2555 jam
299 2495 440 2554 coepetatt
459 2479 614 2537 detractum
627 2476 766 2536 annulum

92 2555 184 2636 digito
195 2557 333 2618 Perdiccae
343 2557 456 2617 tradidit
466 2579 476 2629 ς
490 2556 604 2632 adjectis
615 2553 763 2620 mandaris,

92 2651 126 2693 ur
134 2654 232 2714 roa-pus
242 2656 320 2695 suum
329 2635 367 2697 ad
377 2634 556 2696 Hammonem
560 2631 635 2710 ferri
641 2631 763 2711 juberet.

89 2712 369 2795 Quaerentibushie,
389 2710 765 2797 crn'relinquererregnatu?¹

553 2809 662 2890 Yyir
