1962 3632
267 242 279 315 i
285 274 320 334 34
440 249 484 331 Q.
523 251 551 312 C
570 251 603 312 U
622 250 649 312 R
670 249 699 310 T
719 248 765 310 ΙΙ

263 369 325 414 sent
342 348 446 412 milites
459 349 523 410 noui
535 392 545 419 ,
564 370 629 429 quos
647 371 684 410 ex
697 345 869 409 Macedonia
881 336 934 408 ad*

262 449 374 493 uenture
399 427 544 489 constabat
556 450 569 501 ;
588 428 744 490 Parmenio
768 448 823 487 non
848 426 933 488 adium

262 507 812 590 insumpsoeiioaptioremessecensebat.
854 506 934 586 uippe

259 588 325 648 illic
336 588 481 666 utriusque
496 586 575 667 regis
590 586 806 667 toniusnumero
838 603 933 644 usuras

257 688 362 749 pares,
384 686 443 725 cum
457 665 594 745 angustiae
605 664 806 724 multitudinem
818 685 875 723 non
886 684 933 723 eu·

258 764 366 828 petent.
382 742 534 804 Plani-siem
550 742 621 824 ipsis
633 764 791 882 camffosque
804 763 868 802 esse
884 742 930 801 ui-

260 824 386 895 tundos,
409 822 455 882 ubi
477 822 639 893 circumiri,
663 843 679 885 u
699 822 708 881 i
732 821 849 901 ancipiti
872 822 932 881 acie

262 904 376 984 opprimi
396 919 520 983 possent.
545 898 676 970 Timete,
697 922 733 961 ne
752 921 805 960 nun
828 900 930 959 uirtute

259 980 401 1050 hostium,
428 979 478 1040 sed
493 978 659 1041 lassitudine
676 1000 727 1040 sun
745 979 930 1041 vincerentur.

260 1058 366 1120 Persas
386 1076 512 1120 retentes
533 1056 649 1118 subinde
671 1077 874 1127 successuros,
902 1055 930 1117 si

260 1137 356 1198 laxius
378 1154 452 1199 sture
473 1136 638 1215 patuissent.
662 1136 759 1199 Facile
776 1137 852 1196 ratio
870 1155 929 1197 tarn

257 1217 376 1277 salubris
394 1215 507 1277 consilii
525 1234 641 1293 accepta.
658 1234 711 1278 est.
736 1218 834 1293 Iraque
855 1216 929 1276 intes

259 1294 407 1374 angustius
430 1292 519 1354 tuitus
544 1292 650 1354 hostem
678 1294 792 1375 opperiri
823 1295 930 1357 statuit.

259 1374 328 1434 Erat
336 1374 366 1434 in
376 1373 540 1435 exereituse
562 1374 583 1433 is
595 1374 698 1434 Sisines
706 1375 820 1434 Perses:
831 1394 928 1450 quon·

258 1452 327 1515 darn
346 1475 363 1514 a
379 1471 497 1530 praetore
551 1454 631 1534 gypsi
649 1454 747 1514 missus
765 1454 799 1512 ad
819 1453 929 1530 Philip-

259 1552 351 1611 pum,
374 1532 509 1622 donisque
527 1549 559 1591 et
578 1532 658 1590 omni
677 1531 787 1592 honore
810 1534 927 1602 cultus,

257 1611 380 1673 exilium
403 1629 492 1687 patrna
519 1608 583 1670 sede
609 1628 796 1672 mutaverat:
818 1631 928 1673 secutus

257 1689 358 1750 deinde
371 1689 401 1747 in
411 1688 510 1748 Asiam
520 1689 715 1751 Alexandrum
725 1732 735 1759 ,
746 1690 821 1748 inter
830 1690 927 1752 fideles

258 1768 353 1829 socios
363 1766 525 1829 habebatur.
537 1766 616 1827 Huic
625 1767 774 1844 epistolam
783 1767 926 1831 Cretensis

258 1848 364 1916 miles,
383 1847 700 1926 obsignatam-annulo,
717 1848 795 1925 cujus
812 1848 925 1928 signum

257 1924 331 1984 haud
345 1945 411 1984 sane
426 1942 528 1998 notum
543 1941 623 1992 erat,
641 1926 761 1985 tradidit.
776 1925 926 1989 Nabarza-

255 2022 308 2062 nes
317 2018 419 2080 praetor
428 2002 511 2061 Darii
520 2003 633 2063 miserat
644 2023 709 2066 eam
720 2045 729 2074 ,
744 2004 925 2068 hortabatur-

242 2102 310 2159 -que
321 2081 461 2153 Sisinem3
477 2097 506 2140 ut
514 2079 628 2161 dignum
638 2081 744 2161 aliquid
751 2082 899 2146 nobilitate
910 2128 922 2155 ,

254 2180 289 2221 at
302 2159 423 2221 moribus
434 2156 494 2219 suis
509 2154 604 2221 ederet
622 2186 632 2219 .·
650 2181 750 2242 ,magno
766 2161 796 2220 id
808 2162 835 2222 ei
853 2164 924 2247 apud

241 2258 347 2319 ‚segem
358 2235 534 2312 honorisue.
550 2238 611 2297 Has
630 2239 722 2301 literas
736 2241 860 2313 Sisines,
879 2258 924 2305 ut·

254 2335 323 2392 pote
338 2316 492 2384 innoxius,
512 2316 546 2375 ad
565 2316 762 2380 Alexandrum
782 2341 854 2398 saepe
871 2323 922 2384 de·

253 2394 326 2461 ferre
340 2395 458 2461 tentavit
472 2417 481 2455 t
496 2394 542 2456 sed
552 2417 619 2471 turn
634 2399 756 2458 totcuris
770 2420 921 2478 apparatu-

253 2493 308 2550 que
334 2474 403 2533 belli
425 2493 523 2554 regern
548 2474 654 2536 videret
679 2479 801 2559 urgeri,
829 2482 921 2559 aptius

252 2550 368 2612 subinde
393 2571 504 2629 tempus
527 2570 677 2628 expectans
693 2558 713 2624 ,'
729 2558 920 2635 suspicionem

159 2710 162 2720 ,
252 2628 315 2692 initi
345 2633 456 2693 scelesti
482 2632 598 2692 consilii
624 2635 751 2711 praebuit.
784 2635 919 2720 Namque
