1962 3632
69 350 73 355 .
153 319 202 376 m
235 319 273 386 Q.
308 319 500 377 cuRTwM
531 327 562 382 L.
596 331 638 389 ln
697 349 732 401 n

61 386 134 455 ,iorte
146 392 215 443 enim
229 389 334 445 intentis
343 391 457 444 omnibus
468 393 494 444 in
503 411 548 456 ea,
561 415 612 464 que
623 415 679 455 ante
688 420 733 456 ur·

4 452 5 469 ³
63 457 114 509 lsem
123 460 292 526 gerebantur,
307 459 396 510 moenia
404 460 560 528 negligenter
567 468 659 520 servari
670 488 733 524 eon·

53 524 170 591 tigerat:
181 544 209 578 et
223 528 276 578 due
289 543 370 579 turres
384 545 440 579 eum
454 526 592 584 continenti
603 554 730 593 murorum

61 607 128 656 parte
144 594 227 645 crebis
250 594 356 646 arietum
377 595 469 647 ictibm
494 610 618 656 cesserant
632 621 640 663 3
656 606 731 661 tertia

60 675 155 727 quoque
164 662 249 712 laxata
258 662 307 724 jam
316 677 342 715 et
350 679 467 714 concutit
480 682 615 736 compage,
630 675 732 727 fodien-

61 725 124 777 tibus
132 730 198 779 haud
210 729 238 779 in
246 731 352 796 longum
365 730 478 782 resistere
484 736 618 797 potuisset.
627 739 665 791 At
674 742 731 809 quia

60 796 247 848 tumultuarium
257 796 285 848 id
297 797 422 864 pralium,
438 815 515 865 neque
523 803 651 858 universus
659 825 740 872 eret-1

61 859 123 916 titur
138 863 277 916 instructus
291 867 386 925 fuerat,
405 867 578 931 opportunitas
592 874 643 935 ejus
660 876 696 928 rei
715 894 730 929 e
783 898 785 901 ’

4 937 7 945 ’
60 929 170 981 manibus
182 930 271 982 amissa
285 948 333 985 eet.
345 932 487 984 Alexander
501 953 636 1004 quanquam
649 958 676 993 ea
690 957 731 997 ree

61 996 180 1059 opinione
189 1001 335 1051 Grecorum
351 998 382 1052 de
397 999 504 1053 victoria
517 1008 677 1060 concedentis
688 1011 731 1063 vi·

55 1062 173 1127 'deretur3
184 1084 294 1131 corpora
302 1086 419 1127 suorum,
434 1068 474 1133 qui
484 1071 529 1121 rub
538 1071 598 1139 ipsit
607 1078 730 1132 mmnibue

60 1132 230 1196 oppetierant,
240 1134 350 1187 induciis
356 1136 484 1200 postulatis
491 1139 521 1189 ab
527 1140 598 1195 hoste
605 1161 729 1210 repetere,

59 1213 128 1313 quam
147 1201 277 1253 inhumata
299 1203 426 1255 dimittere
444 1202 540 1258 maluit.
554 1210 593 1261 At
607 1211 648 1277 qui
669 1232 728 1271 eum

55 1325 63 1336 ,
79 1267 231 1328 emiserant,
248 1269 407 1335 Ephialteset
415 1271 576 1340 Thrasybulus
584 1279 728 1337 Athenien·

61 1345 112 1392 tet,
126 1350 181 1388 tum
194 1339 253 1403 plut
261 1340 326 1403 apud
337 1337 405 1404 ipsos
415 1340 500 1392 odium
514 1344 629 1399 adversus
641 1351 727 1402 Mace·

46 1399 158 1463 -doms,
178 1423 252 1471 quam
270 1405 428 1459 humanitatie
442 1407 506 1459 ratio
524 1412 632 1474 valeret,
649 1432 726 1484 nega·

62 1466 118 1520 lunt
132 1474 308 1542 indulgendum
322 1477 365 1527 boc
374 1494 421 1528 etse
431 1476 594 1541 infestissimis
604 1484 727 1538 hostibus-¹

59 1530 208 1589 Nontamen
215 1550 392 1604 permoverunt
400 1545 574 1606 Memnonem,
585 1547 643 1613 quin
652 1553 729 1609 Grae-,

58 1619 137 1668 eorum
145 1606 256 1660 moribus
262 1609 391 1677 indiguum
397 1629 445 1664 esse
453 1610 563 1677 diceret,
573 1619 723 1683 sepulturam

59 1669 161 1725 invidere
177 1677 250 1726 caesis
265 1675 381 1728 lintribus.
393 1677 479 1730 Armis
489 1695 513 1733 et
526 1682 620 1735 viribus
634 1685 660 1735 in
674 1685 724 1737 ad-

59 1753 136 1791 versos
149 1757 173 1793 et
183 1742 328 1796 obsistentes
338 1747 467 1798 utendum:
484 1764 554 1813 neque
567 1753 723 1806 contumeliis

55 1810 209 1874 pugnandum
218 1810 245 1860 in
252 1826 291 1861 eos
298 1846 308 1869 ,
316 1828 372 1876 quos
379 1813 446 1863 bonis
454 1816 569 1880 malisque
575 1820 666 1869 nostris
675 1835 723 1870 sua

57 1873 103 1924 dies
114 1877 252 1927 exemisset.
267 1880 327 1927 Sane
341 1893 430 1941 preter
445 1879 505 1930 alias
515 1881 655 1934 Memnonis
670 1884 726 1936 vir·-

58 1951 133 2000 tutes,
149 1941 228 1993 etiam
242 1944 380 1995 moderatio
394 1948 445 2007 eius
453 1945 556 2013 insignis
564 1948 620 2004 fluit.
634 1954 724 2018 Neque

56 2006 117 2058 enim
132 2025 179 2073 per
189 2009 339 2062 'vecordiam
354 2011 476 2064 conviciis
493 2014 608 2068 insectari
622 2018 723 2074 horrent

55 2074 180 2137 pulchrum
191 2078 316 2137 ducebat3
331 2081 375 2130 sed
390 2078 483 2132 virtute
491 2098 518 2132 et
527 2084 636 2135 consiliis
653 2086 722 2140 vires
769 2108 772 2113 ·

55 2139 120 2193 lilius
127 2144 274 2211 mimosque
283 2148 445 2200 contundere.
452 2147 533 2214 Igitur
543 2167 597 2200 cum
610 2151 722 2218 aliquan-

55 2208 86 2257 do
101 2210 126 2261 in
137 2213 377 2279 agminequensdam
387 2232 416 2265 ex
430 2215 585 2267 mercenariis
600 2221 723 2273 nonnulla
760 2266 762 2271 .

54 2281 235 2332 contumeliose
241 2295 268 2332 et
274 2282 413 2346 petulanter
420 2281 446 2332 in
454 2285 621 2337 Alexandrum
630 2287 722 2349 jacien-

54 2359 99 2397 tem
108 2347 238 2409 audisset,
254 2364 376 2400 conversa
388 2351 457 2401 haara
469 2351 594 2404 hominem
605 2356 721 2425 pulsam,⁴

54 2430 95 2466 nou
102 2430 125 2469 te
132 2418 241 2469 conduxi
247 2453 255 2475 ,
265 2415 356 2482 inquit,
366 2434 393 2469 ur
403 2420 556 2472 malediceres
565 2422 720 2495 Alernmdro,¹

53 2483 91 2534 red
99 2500 126 2534 ut
133 2487 254 2536 aduersus
262 2486 335 2536 illum
346 2485 482 2538 dimicares.

82 2552 151 2601 Gne.
160 2554 195 2600 Χ.
204 2556 303 2602 1nterea
318 2551 417 2602 obsessi
423 2569 518 2604 summo
527 2552 610 2605 studio
623 2557 719 2609 securi-¹

51 2615 93 2666 uti
102 2634 149 2668 roae
156 2617 341 2683 providentes,
357 2636 404 2684 pro
414 2620 497 2672 diruto
506 2638 576 2672 muro
590 2623 666 2677 alium
680 2624 718 2675 in-

50 2681 163 2754 teriorem
181 2702 214 2759 9!
232 2701 310 2762 eogto
326 2686 405 2740 latere
418 2689 636 2812 eduxeruut‚¹non
649 2707 718 2746 recta
