1994 3632
154 331 156 335 y
222 268 279 320 ιω
405 242 446 324 Q.
488 245 727 321 curun

220 345 342 429 gemitus
353 369 361 406 ε
373 343 557 424 lacrimisque
570 345 698 415 obortis,
715 343 814 423 quales
828 342 899 409 Da²

219 429 276 488 rius
286 425 473 503 profudisset,
489 425 519 485 in
535 420 755 487 tabernaculum
761 461 775 493 ,·
791 428 899 503 inquo

219 523 312 565 mater
327 522 388 565 erat
404 504 509 574 Darii,
531 505 668 569 defuncto
685 505 806 573 assidens
823 525 897 564 sor-

217 584 304 661 pori,
327 586 417 646 venit.
430 584 490 645 Hic
501 604 571 646 vero
589 603 741 646 renovatus
755 600 797 644 est
815 604 896 642 mce-

218 685 295 732 ror,
320 681 353 724 ut
373 681 540 742 prostratam
565 662 645 725 humi
665 664 745 725 vidit.
770 663 896 723 Recenti

218 744 298 804 mulo
309 744 437 820 priorum
449 762 562 821 quoque
571 742 735 811 admonita,
746 760 895 818 receperat

219 823 250 881 in
261 824 404 904 gremium
419 823 526 887 adultas
540 821 686 901 virgines,
704 840 810 900 magna
827 823 895 898 qui·

220 902 287 962 dem
303 903 396 965 mutui
408 901 515 963 doloris
526 902 626 967 solatia
639 923 649 973 ς
665 900 711 961 sed
721 902 822 977 quibus
832 900 894 977 ipsa

218 981 332 1043 deberet
347 1003 407 1042 esse
418 981 532 1041 solatio.
547 980 581 1041 In
597 998 750 1057 conspectu
761 997 823 1039 erat
839 1001 894 1041 ne-

219 1081 272 1139 pos
295 1061 447 1136 parvulus,
471 1060 509 1119 ob
530 1059 559 1118 id
580 1059 673 1136 ipsum
696 1058 892 1127 miserabilis,

218 1139 295 1217 quod
304 1139 433 1199 nondum
449 1137 587 1201 sentiebat
598 1137 813 1207 calamitatem,
832 1159 895 1198 mu·

217 1218 294 1279 xima
305 1238 342 1278 ex
352 1234 431 1294 parte
443 1218 582 1294 adipsum
590 1217 806 1279 redundantem.
818 1215 893 1277 Cre·

985 470 987 603 l

940 1165 943 1173 λ

218 1297 319 1363 deres,
343 1297 538 1359 Alexandrum
559 1296 632 1356 inter
650 1318 712 1361 ruas
734 1296 892 1355 necessitu—
986 1352 987 1357 ,

219 1375 298 1435 dines
314 1373 405 1444 flere,
423 1392 454 1437 et
472 1374 574 1455 scistis
590 1395 649 1437 non
668 1373 818 1442 adbibere,
845 1374 895 1435 sed

218 1473 350 1530 querere.
363 1455 439 1515 Cibo
455 1473 534 1516 certe
550 1453 702 1515 abstinuitr
716 1473 893 1530 omnemque
986 1454 987 1499 1

217 1531 361 1595 honorem
376 1533 489 1604 iuneti,
511 1532 607 1611 patrio
619 1531 767 1597 Persarum
782 1551 867 1592 more
878 1573 891 1603 ,

218 1614 359 1675 servavit:
369 1613 469 1694 dignus
478 1611 615 1680 hercule,
631 1610 679 1688 qui
690 1631 764 1671 nunc
776 1631 895 1688 quoque
986 1624 987 1627 ’

218 1707 330 1753 tantum
347 1691 569 1753 mansuetudinis
585 1707 614 1750 et
627 1689 807 1750 continentiae
819 1690 893 1751 ferat

216 1770 353 1833 fructum.
368 1771 466 1833 Semel
478 1770 599 1833 omnino
610 1789 674 1831 eam
686 1768 810 1832 viderat,
831 1790 893 1846 quo

217 1849 263 1909 die
284 1868 366 1928 capta
383 1868 445 1925 est3
461 1870 515 1915 nec
530 1868 562 1911 ut
576 1849 683 1926 ipsam,
704 1848 749 1908 sed
763 1863 795 1911 ut
806 1846 892 1909 Darii
986 1892 987 1895 ,

218 1945 341 1989 matrem
355 1929 464 1991 videret
476 1952 487 1989 ι
501 1929 693 2005 eximiamque
703 1926 892 2004 pulchritudi-

216 2026 285 2067 nem
295 2007 394 2069 formae
407 2007 469 2087 ejus
478 2026 538 2073 non
554 2007 678 2068 libidinis
690 2006 825 2077 habuerat
840 2007 890 2068 in-

216 2084 427 2157 vitamentum,
444 2086 496 2151 sed·
511 2087 623 2168 gloriar.
647 2086 672 2145 E
694 2087 865 2165 spadonibus
878 2126 898 2157 s·

215 2166 265 2241 qui
281 2166 356 2228 circa
370 2166 498 2248 reginum
519 2184 620 2235 erant,
638 2166 793 2243 Tyriotes,
809 2167 890 2227 -irtter

214 2245 433 2321 trepidationem
449 2246 609 2324 lugentium
626 2246 737 2324 elapsus
753 2266 804 2322 per
820 2267 888 2307 eam

211 2342 349 2399 portam,
365 2345 446 2400 quae,
465 2323 530 2400 quia
543 2327 577 2386 ab
591 2324 671 2384 hoste
688 2346 784 2387 aversa
803 2343 889 2395 etat,

214 2401 304 2462 levius
316 2401 544 2473 custodiebatur,
561 2403 596 2463 ad
612 2404 694 2464 Darii
713 2423 802 2465 castra
820 2424 898 2481 per·-

215 2481 314 2543 uenit:
329 2497 551 2560 exceptusquea
568 2483 723 2562 vigilibus,
744 2485 774 2542 in
785 2487 897 2551 taber-2

214 2560 351 2625 naculum
362 2562 435 2641 regis
446 2561 607 2638 perducitur
617 2585 626 2635 3
642 2579 800 2642 gementes
808 2582 889 2624 veste

212 2638 347 2713 besueta.
360 2640 460 2722 Quem
470 2658 501 2707 ut
511 2643 661 2721 conspexit
670 2642 798 2716 Darius,
809 2643 891 2716 mult
