1962 3632
235 309 429 374 blBER
460 310 551 374 ·1V.
675 320 734 385 177

65 408 156 471 simam
178 426 288 473 turrem
306 412 435 472 ascendit
445 452 455 480 ,
478 404 593 493 ingenti
604 412 729 481 animo,

64 490 183 564 periculo
204 496 328 567 majore.
348 490 467 568 Quippe
484 491 561 572 regio
580 491 682 573 insigni
700 508 730 552 et

65 571 139 628 armis
150 572 328 653 fulgentibus
339 571 527 647 conspicuus,
547 589 618 631 unus
628 571 728 649 praeci-

63 658 111 723 pue
123 653 187 710 telis
203 653 362 726 petebatur.
374 649 411 709 Et
428 650 508 730 digna
522 669 632 726 prorsus
648 670 728 726 spec-

64 730 150 787 taculo
160 730 251 790 edidit
263 750 272 789 r
283 730 388 788 multos
399 749 415 787 e
426 730 513 787 muris
522 744 728 808 propugnantes

64 802 134 875 hasta
154 808 473 884 transfixi13quostlam
495 809 583 867 etiam
601 809 729 867 cominus

64 886 151 963 gladio
177 890 338 965 clypeoque
364 887 503 963 impulsos
524 886 732 963 precipitavit:

67 965 162 1041 quippe
183 969 289 1035 turris,
313 984 348 1025 ex
370 986 424 1041 qua
447 966 625 1032 dimicabat,-
644 965 729 1025 muris

68 1040 184 1104 hostium
199 1044 410 1123 propemodum
421 1041 591 1105 cohaerebat.
608 1043 732 1120 Jamque

68 1125 160 1184 crebris
170 1126 305 1185 arietibus
317 1143 451 1183 saxorum
460 1125 600 1204 compage
612 1121 705 1182 laxata
718 1162 728 1191 ‚

69 1204 236 1264 munimenta
247 1203 426 1273 defecerant3
436 1222 464 1262 et
474 1203 566 1262 classis
576 1205 728 1263 intraverat

68 1299 171 1356 portum
185 1324 194 1352 ‚
217 1303 247 1344 et
259 1282 374 1359 quidam
385 1281 577 1342 Macedonum
597 1282 625 1341 in
639 1299 727 1343 turres

69 1357 182 1422 ltostittm
201 1364 324 1423 desertas
343 1379 514 1421 evaserant:
535 1380 601 1420 cum
620 1360 726 1437 Tyrii,

70 1455 106 1497 tot
115 1442 194 1502 simul
205 1442 291 1501 malis
299 1440 365 1501 victi
378 1479 387 1507 ‚
405 1440 453 1498 alii
466 1440 602 1516 supplices
611 1440 640 1499 in
651 1456 727 1501 tenr-

68 1520 108 1595 pla
126 1522 318 1602 confugiente
336 1520 385 1577 alii
402 1518 508 1577 foribus
524 1517 624 1578 aedium
643 1520 726 1578 obse·

71 1599 125 1658 ntis
141 1614 285 1678 occupant
302 1600 421 1658 liberum
439 1597 537 1656 mortis
554 1595 726 1656 arbitrium:

70 1681 188 1739 nonnulli
201 1697 288 1738 ruunt
301 1679 329 1736 in
340 1676 470 1753 hostem,
493 1674 567 1736 haud
578 1674 661 1735 inulti
681 1692 725 1734 ta-

72 1775 126 1815 nen
135 1758 262 1836 perituri.
276 1757 382 1838 Magna
393 1776 454 1834 pars
464 1775 574 1814 summa
583 1771 725 1814 tectorum

73 1837 203 1898 obtinebat
215 1848 236 1905 ‚'
246 1858 310 1896 sana
321 1877 332 1905 ‚
351 1854 380 1896 et
389 1833 521 1911 quidquid
531 1831 727 1892 manibusfors

72 1913 189 1986 dederat,
211 1918 369 2005 ingerentes
384 1911 577 1972 subeuntibus,
592 1909 724 1970 Alexan·-

72 1991 128 2064 der,
150 2014 276 2074 exeeptis
291 1992 336 2072 qui
357 1991 387 2051 in
406 1988 504 2070 templu
515 1987 723 2067 confugerant,

73 2087 151 2134 ornnes
166 2070 309 2152 intefiei,
329 2071 470 2150 ignemque
486 2067 570 2127 rectis
584 2066 664 2145 injici
680 2068 724 2142 itr-

72 2148 118 2213 bet.
130 2154 182 2214 His
192 2174 242 2231 per
251 2170 397 2231 precones
406 2146 613 2232 pronuntiatis,
635 2165 724 2205 nemo

71 2244 152 2292 tanen
170 2250 293 2293 armatus
311 2249 399 2306 opem
415 2248 432 2285 a
449 2226 512 2285 Diis
530 2241 626 2300 petere
642 2223 724 2282 susti·-

71 2311 122 2369 nuit
134 2336 142 2371 ε
156 2312 235 2391 pueri
245 2311 424 2391 virginesque
437 2305 545 2381 templa
558 2304 723 2379 compleve-
740 2350 742 2353 ψ

71 2404 144 2463 nnt3
168 2393 219 2452 viri
248 2391 277 2448 in
304 2385 445 2449 vestibulo
469 2405 581 2443 suarum
607 2383 726 2459 quisque

72 2467 155 2529 edium
174 2473 305 2540 stabant3
326 2482 422 2543 parata
442 2463 613 2521 sevientibus
628 2464 721 2524 turba.

73 2544 155 2609 Multis
168 2568 263 2609 tamen
276 2547 358 2607 saluti
372 2544 448 2602 fuere
464 2541 592 2608 Sidonii,
612 2541 660 2616 qui
674 2541 721 2599 in-

72 2639 104 2683 tra
118 2622 306 2688 Macedonum
320 2621 443 2702 praesidia
461 2639 550 2681 erant.
568 2620 609 2679 Hi
621 2622 738 2678 urbem·

72 2704 171 2780 stridere
179 2709 253 2770 inter
264 2706 387 2771 victores
397 2701 589 2769 insueverant,
608 2696 656 2758 sed
670 2714 726 2757 eor·
