2002 3636
252 253 289 308 'dd
354 242 385 306 δὲ
415 245 606 302 arrNsH.
639 248 837 302 δῦΡΡὶΕΜέ

249 339 367 414 pudendis
390 337 500 404 cladibus
523 338 679 404 affluerunt?
700 336 769 388 Aliis
793 335 884 389 deinde
901 335 937 390 it}

252 409 365 461 eamdem
374 405 522 458 sententiam
533 403 651 467 adjectis‚'
667 405 731 455 adeo
740 404 866 469 permovit
875 405 932 455 aui·

251 492 325 534 mos,
343 489 371 525 ut
378 474 492 526 omnibus
502 471 690 525 assentientibus
699 471 775 524 etiam
783 471 913 523 Parmenio
923 485 935 533 ‚·

252 542 296 610 qui
307 541 412 593 maxime
421 543 515 593 bellum
524 538 618 593 differri
627 542 758 600 uoluerat,
772 540 878 591 maxime
887 536 936 591 ac·⁴

234 642 239 651 ν
250 610 411 664 tolerandum
422 625 547 666 censeret,
562 609 679 673 ultroque
695 608 745 670 jam
758 607 932 658 Alexandrum

225 738 230 743 ,
252 679 403 731 hortaretur.
413 682 497 743 Itaque
506 672 575 726 omni
586 691 644 725 cura
653 676 684 725 ad
691 676 860 727 maturandam
868 691 938 739 pro..

252 745 390 798 sectionem
400 759 519 796 conversa
530 779 538 802 ‚
556 743 587 794 ad
596 742 673 793 Dium
682 741 834 794 Macedonia
843 746 932 795 urbem

252 813 316 866 Jovi
332 813 453 882 Olympio
469 827 564 863 sacrum
577 809 655 870 fecit,
671 809 811 862 institutum
828 811 859 861 ab
877 814 934 862 Ar·

253 883 361 941 chelam,
380 880 422 948 qui
444 896 503 945 port
524 877 670 929 Perdiccam
692 878 831 928 Alexandri
850 876 934 929 lilium

252 949 377 1016 regnavit.
388 949 466 999 Musis
480 963 578 1012 quoque
586 947 660 997 ludos
671 945 784 996 scenicos
795 944 873 1005 fecit,
886 959 933 1010 per

253 1033 347 1068 novem
356 1015 426 1074 dies,
442 1032 489 1079 pto
497 1030 600 1064 nurnero
610 1013 728 1069 Deorum.
736 1014 798 1063 Post
809 1013 859 1063 hac
870 1029 937 1064 con·

252 1082 351 1137 vitium
363 1099 456 1133 summa
469 1080 653 1147 magnificentia
664 1081 812 1131 celebratum
825 1095 882 1141 eret
896 1095 934 1132 ta-

253 1149 405 1210 bernaculo,
424 1150 493 1211 quod
513 1163 611 1199 centum
624 1148 704 1196 lectos
721 1162 839 1211 caperet,
857 1148 933 1198 ador-

251 1233 324 1270 nato.
340 1214 379 1266 lbi
396 1232 452 1265 cum
466 1213 554 1264 amicis
570 1211 739 1280 ducibusque,
756 1229 782 1264 et
799 1212 933 1266 civitatum

252 1282 343 1351 legatis
357 1280 482 1333 accubuit.
499 1282 547 1331 Per
556 1281 692 1332 exercitum
704 1298 801 1347 quoque
815 1281 938 1333 victimas

252 1349 335 1402 dividi
348 1349 435 1412 jussit,
452 1348 546 1413 aliaque
561 1346 679 1412 praeberi,
697 1349 784 1413 quibus
794 1348 936 1400 destinaras

253 1417 373 1472 hilaritati
384 1416 436 1467 dies
451 1414 550 1467 festivis
558 1415 655 1481 epulis,
675 1430 701 1468 et
714 1415 801 1467 faustis
815 1414 936 1469 instantis

252 1485 316 1540 belli
332 1485 456 1536 ominibus
472 1483 661 1549 transigeretur.

288 1557 358 1605 Car.
368 1558 414 1606 Ill.
426 1555 492 1602 Vere
501 1567 569 1603 novo
585 1547 719 1601 contractis
727 1548 835 1616 undique
851 1550 936 1616 copiis

252 1619 282 1672 in
290 1621 377 1672 Asiam
388 1619 532 1681 transjecit3
551 1618 683 1669 exercitum
698 1619 789 1668 robore
798 1635 871 1682 quam
885 1635 935 1670 nu·

252 1704 324 1739 mero
337 1686 486 1739 validiorem
504 1688 606 1736 ducens.
621 1684 735 1751 Triginta
744 1683 857 1750 peditum
874 1685 936 1736 mil-

252 1755 289 1806 lia
297 1755 426 1808 Parmenio
442 1754 547 1804 ducebat
557 1772 563 1806 :
575 1770 679 1820 quorum
688 1754 837 1804 Macedones
849 1755 936 1804 trede-

253 1822 305 1874 cim
324 1824 502 1889 expleverant3
520 1821 626 1887 quinque
643 1837 713 1873 erant
732 1822 845 1871 mercede
864 1820 937 1871 mili-

252 1889 382 1946 nantium
405 1905 511 1939 ceteram
528 1887 714 1941 multitudinem
728 1887 793 1939 sotii
807 1887 936 1940 foderati-

252 1973 301 2022 que
318 1955 445 2006 miserant.
463 1959 515 2003 Has
530 1957 615 2019 copias
632 1956 712 2025 Illyrii
728 1959 885 2021 mutoque
905 1970 936 2008 et

252 2023 375 2081 Triballi,
395 2023 424 2072 ad
439 2020 545 2087 quinque
561 2022 688 2073 hominum
703 2023 783 2072 millia
797 2025 937 2089 sequeban-

252 2105 315 2153 tur3
331 2088 422 2141 additis
435 2087 506 2140 mille
519 2089 688 2156 Agrianorum
700 2088 843 2155 sagittariis.
859 2089 938 2155 Equi-

252 2174 334 2225 tatum
350 2159 514 2208 Macedonum
530 2156 600 2208 mille
610 2157 808 2223 octingentomrn
817 2158 936 2211 Philotae

252 2227 379 2284 ducebat3
398 2240 424 2275 et
432 2223 539 2274 totidem
553 2240 582 2274 ex
591 2224 714 2276 Thessalia
731 2227 803 2276 Calas
818 2243 826 2277 t
842 2243 857 2274 a
872 2225 936 2276 reli-

251 2310 301 2358 qua
317 2291 413 2343 Gratia
429 2291 536 2342 sexcenti
554 2291 655 2342 omnino
671 2292 766 2358 equites
783 2309 905 2345 venerunt
922 2331 935 2354 ,

250 2360 342 2425 quibus
356 2356 484 2426 Erigyium
497 2360 630 2424 preposuit
640 2377 744 2427 :agmen
754 2362 936 2413 ducebatCns-

252 2429 340 2480 tander
360 2444 415 2477 cum
430 2426 564 2492 nongentis
579 2428 700 2479 Thracum
722 2444 796 2493 atque
814 2430 934 2481 Preonnm

253 2494 464 2545 antecursoribus.
475 2496 547 2545 Hunc
557 2496 706 2555 exereitum,
724 2513 775 2547 non
784 2497 935 2562 ultraquam

253 2560 390 2627 inmiginta
405 2561 458 2612 dies
474 2562 576 2627 proviso
591 2578 744 2624 commeatu,
763 2563 867 2615 infinitis
878 2565 940 2614 bara

254 2630 369 2683 mserum
385 2629 465 2694 copiis
474 2646 601 2694 opponere
613 2647 665 2682 uon
680 2630 823 2693 dubitavit3
835 2631 935 2684 virtute

253 2698 353 2769 tuorum
364 2702 460 2774 fietus!
473 2697 516 2771 qui
523 2698 649 2769 suetudo
662 2717 731 2756 renes
740 2698 819 2774 lacu}
835 2700 941 2770 rehum
