2002 3636
180 272 226 327 IN
263 277 299 338 Q.
336 275 544 329 CURTIUM
578 274 605 330 L.
639 274 662 331 l.
732 284 766 331 tl

92 375 136 416 non
146 383 204 417 auro
214 367 298 432 magis
308 381 378 430 quarn
383 365 454 427 ferro
467 367 532 415 vicit
542 384 552 426 ,·
570 368 591 415 si
606 368 701 434 denique
710 370 763 419 cul⁴

93 448 158 495 quarn
166 436 315 485 mortalium
325 433 439 493 autfidetrz
450 433 508 483 dare
513 449 635 499 gravatus
642 452 678 485 est
688 469 695 485 ,
714 451 759 486 aut

93 501 169 548 iatam
173 501 269 563 fallere
279 515 327 549 non
336 500 466 549 sustinuit.
479 500 539 549 letis
548 513 626 551 tamen
635 504 677 552 ille
686 502 761 552 Grn-

90 566 132 615 tiae
144 569 253 623 vindex,
272 583 315 616 uos
327 564 509 632 perturbatores
522 577 602 616 sumus
618 571 629 614 l
645 569 690 618 Sed
704 570 760 634 quil

93 633 147 683 istos
154 635 248 700 pudeat
258 668 267 689 ,
279 635 320 697 qui
328 649 371 682 sua
386 633 491 682 erimina
500 633 566 684 nobis
577 632 692 698 objectare
705 652 760 683 rna·

90 699 156 756 lune,
171 717 245 765 quam
256 717 304 749 non
313 701 437 750 admonere
446 716 592 755 noseorum,
606 717 705 765 quorum
714 702 762 768 ipsi

89 767 213 830 manifesti
231 767 315 815 suut?
335 767 362 815 Si
373 767 427 832 quis
440 782 565 832 captorum
580 780 703 817 munerum
717 782 762 816 aut

88 834 233 898 proditionis
242 849 381 890 remesses,
391 835 461 884 illum
471 835 558 883 tuendo
565 868 572 889 ,
580 836 772 901 propugnando,

89 900 179 965 iegibus
193 902 303 966 septenis
315 901 434 966 eripiendo
446 915 557 951 uestrum
570 902 691 966 negotium
705 915 761 968 age-

86 967 148 1017 retis
163 988 171 1014 .·
189 984 256 1015 nunc
270 968 333 1017 alios
347 969 498 1023 accusando,
519 969 544 1016 in
560 982 604 1015 vos
618 968 761 1018 sententium

91 1034 184 1083 elicitis·
196 1034 268 1095 Quod
282 1034 304 1083 si
322 1034 422 1099 ignari,
440 1049 551 1100 quorsum
562 1050 589 1084 ea
604 1050 642 1086 res
652 1035 761 1100 pertine·

91 1116 143 1158 ret,
160 1102 186 1150 isi
199 1101 337 1151 admisistis
347 1119 357 1161 ,·
363 1102 518 1168 prudentiam
534 1103 558 1150 in
566 1100 635 1151 vobis
643 1103 760 1166 requiro:

90 1168 111 1215 si
118 1168 219 1219 seientes
223 1169 416 1234 prudentesque,
435 1169 610 1218 uerecundiam·
628 1170 761 1224 Promea,

90 1237 169 1299 quique
185 1237 212 1284 in
233 1236 315 1286 eadem
330 1244 421 1285 metunt
435 1250 506 1285 cauta
525 1250 602 1291 sunt,
621 1236 761 1288 innocentia

90 1304 222 1364 afficeris,
238 1302 300 1366 qnod
311 1319 354 1350 nos
368 1302 571 1368 aPlilipponiliil
585 1303 699 1368 accepisse
710 1303 761 1368 ipsi

85 1368 211 1430 fatemini.
229 1369 282 1417 Nee
292 1369 355 1419 enim
371 1369 392 1416 si
402 1369 458 1432 quiti-
469 1370 651 1433 petivissemus,
669 1382 760 1418 vacuos

88 1434 153 1486 obire
166 1452 254 1501 passus
270 1451 330 1485 esser
344 1434 527 1485 liberalissimus
540 1448 600 1492 reu,
618 1449 648 1485 ut
661 1452 676 1484 a
689 1435 761 1485 volis

87 1503 178 1567 quidem
195 1503 358 1570 pradicatur.
377 1501 419 1550 An
429 1503 468 1565 qui
478 1516 521 1554 uos
536 1504 669 1568 corrupisse
684 1517 761 1569 opera

86 1572 191 1635 pretium
209 1571 330 1636 putavit,
347 1567 431 1623 uoltis,
449 1570 522 1618 etiarn
541 1567 692 1635 petetztibus,
711 1584 759 1617 nore

88 1637 245 1702 largiretur?
258 1635 296 1685 At
303 1635 423 1686 Thebanos
431 1638 499 1686 motio
509 1636 650 1690 monuistis,
661 1650 690 1685 ne
703 1650 761 1684 con·

88 1705 168 1753 silium
180 1719 265 1754 torum
275 1719 441 1769 sequerentur,
455 1705 494 1767 qui
504 1705 594 1770 patria
601 1705 663 1753 malt
676 1717 760 1751 consu-

86 1773 191 1821 luerunt,
202 1773 326 1835 Egovero
337 1772 416 1820 elesino
424 1770 550 1820 aduersari
558 1769 625 1824 illis,
638 1768 760 1824 Thebani,

89 1839 110 1886 si
120 1839 155 1888 ita
170 1841 285 1889 sentiunt
300 1856 308 1883 :
327 1838 353 1886 in
368 1838 474 1902 ipsorum
490 1835 620 1902 opinionem
637 1847 733 1884 transeo
747 1853 759 1895 ς

87 1916 170 1971 rosque
184 1920 280 1972 quanto
291 1905 396 1954 rimmo
402 1917 481 1970 potest
494 1919 560 1969 opert
574 1903 676 1958 hortor,
696 1919 737 1952 oro
748 1936 759 1959 ,

88 1971 204 2030 olseero,
228 1987 314 2038 perque
330 1985 436 2021 vestram
454 1987 476 2019 et
493 1982 638 2019 communem
654 1967 759 2019 Graciae

87 2040 187 2089 alutem
200 2038 329 2093 obtestor,
347 2051 375 2086 ut
391 2036 433 2085 hoe
448 2037 552 2102 ipsorum
567 2036 688 2087 decretum
703 2051 757 2083 ano-

85 2106 236 2170 pltetamirsi.
250 2107 279 2155 ll
292 2104 314 2154 si
328 2102 458 2167 feceritis,
476 2117 546 2168 neque
564 2115 673 2167 pecorum
688 2116 760 2165 arque

83 2184 251 2223 armentorum
266 2171 354 2239 gratia
369 2186 414 2219 uos
430 2170 492 2237 ipsos
509 2169 590 2220 venire
603 2168 759 2235 patiemini,-

88 2254 158 2304 aeque
166 2255 193 2289 ut
201 2238 403 2305 ergastulisoger
412 2251 493 2287 vester
495 2236 679 2301 frequattetur,
693 2236 759 2286 ittter

87 2308 276 2372 etteraPlsilippi
285 2305 406 2371 mancipia
415 2304 571 2354 Poeonibustt
580 2301 697 2352 Triballis
706 2319 758 2352 set-

86 2364 168 2424 aietis.
191 2374 259 2423 Nam
275 2372 319 2422 isti
333 2388 421 2440 greges
436 2384 460 2420 et
473 2369 591 2437 mancipia
607 2369 697 2419 intueri
712 2387 758 2420 vos

80 2440 181 2506 iubent,
195 2441 296 2509 egregia
308 2438 438 2488 servituris
450 2438 569 2502 pramia3
582 2452 685 2494 uxores,
698 2437 758 2487 libe-

86 2525 145 2564 ros,
159 2524 287 2574 parentes,
304 2505 460 2560 libertatem,
475 2503 570 2566 sarnam
580 2536 586 2558 ‚
597 2504 671 2565 fidem
690 2505 757 2554 erno

83 2591 128 2640 que
140 2590 163 2624 et
171 2575 212 2637 sos
222 2575 368 2624 Graecorum
379 2572 442 2621 uilia
455 2570 545 2622 habere.
560 2572 616 2621 Hae
627 2571 689 2620 enim
700 2584 759 2634 pro-

79 2643 149 2706 secto
156 2642 314 2706 perdidistis,
330 2637 455 2692 Thebani,
470 2639 517 2688 nisi
526 2637 615 2700 fraudi
623 2636 759 2687 uiolentia·

80 2723 128 2775 que
137 2709 239 2777 elietppt
249 2725 297 2760 una
308 2706 435 2769 nobiseum
445 2706 571 2762 resistitis.
586 2702 689 2818 guqlsi
699 2701 762 2752 alit·

625 2783 652 2831 ιι)

719 2896 729 2919 d
