1968 3636
238 328 303 398 μό
424 317 469 398 Qs'
515 317 542 382 C
563 319 596 381 U
614 318 639 379 R
657 308 722 378 T<1
741 315 757 378 1

207 489 209 493 ,
240 419 394 484 consillum
405 441 457 498 par
466 419 654 501 magnitudini
663 415 752 478 animi
764 454 776 486 ,
790 412 918 494 etquan-⁴

239 516 300 560 tarn
310 503 361 562 vin
369 517 481 576 poterat
497 517 561 559 :eras
571 498 631 577 ejus
640 516 761 574 cupere,
780 495 916 556 solertia:

239 578 344 640 modus
352 578 571 639 immodicarum
580 574 914 654 cupiditatumtveneris
973 626 974 633 ,

238 658 313 719 intra
333 659 460 738 naturale
479 656 647 716 desiderium
668 677 756 729 usus,
779 670 837 714 nec
859 654 913 713 ulla
973 656 974 697 l

240 718 295 796 nisi
312 756 356 798 err
367 737 504 815 permisso
522 736 677 813 uoluptasa
695 735 827 873 inssntes
845 752 913 810 pro·

177 828 183 843 '
239 815 320 876 fecto
333 816 414 877 dotes
429 832 519 876 erant.
530 814 583 874 llla
594 814 728 881 fortuma,
764 813 914 888 iisaequare

239 914 294 963 se,
308 909 338 957 et
348 897 474 956 coelestes
489 892 612 965 honores
625 911 792 959 accersere,
809 908 838 966 et
848 891 914 950 talia

241 974 421 1036 suadentibus
433 973 553 1034 oraculis
565 966 702 1040 eredere,
720 980 750 1030 et
759 970 915 1051 dedignan-

198 1053 201 1061 '
239 1053 316 1113 tibus
339 1053 466 1115 venerari
488 1052 581 1129 ipsum
605 1049 806 1113 uehementius
829 1070 913 1126 quam

241 1151 294 1209 par
309 1150 379 1193 esset
388 1132 468 1192 irasci
479 1153 488 1202 3
505 1132 532 1189 in
543 1144 693 1191 externum
707 1127 840 1189 habitum
851 1148 913 1188 rnu-

241 1227 303 1271 tare
318 1211 444 1287 corporis
462 1210 571 1269 cultum
586 1246 596 1277 ‚
618 1207 724 1289 imitari
739 1208 913 1268 devictarum

240 1289 371 1367 gentium
384 1309 498 1358 mores,
513 1309 580 1365 quas
594 1303 660 1348 ante
674 1286 829 1348 victoriam
840 1305 915 1363 spre-

240 1385 332 1428 verat.
349 1367 427 1427 Nam
442 1366 615 1428 iracundiam
631 1384 659 1428 et
675 1365 842 1442 cupidinem
856 1363 913 1426 uini

240 1445 327 1506 sicuti
342 1447 456 1521 iuventa
470 1446 643 1513 irritaverat,
661 1445 700 1504 ita
713 1456 845 1504 senectus
861 1444 915 1502 mi·

239 1526 331 1606 rigare
341 1527 487 1603 potuisset.
497 1524 655 1585 Fatendum
664 1541 706 1584 est
715 1542 833 1592 tamen,
849 1543 913 1582 cum

237 1604 394 1682 plurimum
417 1603 514 1665 virtuti
535 1604 682 1672 debuerit,
703 1600 766 1680 plus
788 1601 912 1662 debuisse

237 1681 380 1752 fortunae,
402 1700 488 1760 quam
504 1683 579 1743 solus
596 1684 728 1743 omniurn
745 1681 912 1741 mortalium
935 1704 945 1749 t
973 1716 974 1723 κ

237 1761 270 1823 in
285 1773 423 1838 potestate
438 1760 546 1822 habuit.
557 1761 679 1839 Quoties
690 1761 774 1820 illum
791 1777 914 1819 amorre

170 1896 176 1905 .
238 1840 411 1917 revocavit?
427 1839 537 1917 quoties
548 1858 654 1901 temere
665 1840 696 1899 in
706 1840 833 1916 pericula
845 1857 914 1899 vec·
973 1834 974 1859 ³

236 2014 294 2075 que
326 2018 393 2057 nem
407 1997 541 2059 eumdem
556 1998 620 2067 illi,
637 2018 724 2075 quem
740 1996 840 2077 gloria
856 2013 914 2056 sta·

237 2068 304 2138 tuit.
318 2074 525 2154 Exspectavere
535 2097 603 2138 eum
618 2077 696 2145 fata,
713 2077 780 2137 dum
791 2074 914 2136 Oriente

237 2153 426 2235 perdomito,
449 2155 582 2231 aditoque
606 2154 757 2226 Oceano,
780 2153 913 2231 quidquid

237 1934 303 1981 tum
306 1934 445 2054 perpetua
455 1917 743 1997 felicitareprotexit?
755 1918 831 1979 Vitae
841 1937 916 1994 quo-
973 1940 974 2001 r

237 2233 569 2324 monalitagcapiebat‚
594 2235 734 2311 impleret.
756 2229 838 2293 Huic
854 2232 913 2314 tegi
973 2274 974 2279 κ

238 2311 359 2389 ducique
379 2332 522 2373 successor
539 2317 734 2390 quaerebatur:
751 2312 798 2372 sed
820 2313 911 2388 major
973 2336 974 2383 ᾗ

236 2392 332 2455 moles
348 2408 426 2458 erat,
443 2392 571 2467 ‘quarunt
580 2413 650 2452 unus
663 2392 755 2452 subire
767 2411 835 2450 eam
847 2412 913 2468 pos·

237 2486 293 2533 set.
308 2468 406 2545 Itaque
418 2488 525 2529 nomen
537 2488 649 2547 quoque
664 2471 725 2547 ejus
736 2470 855 2530 etfama
865 2488 911 2528 re·
973 2480 974 2519 f

237 2564 304 2609 rum
319 2547 349 2606 in
364 2563 457 2609 totum
473 2550 680 2627 propemodum
695 2552 817 2615 orbem,
834 2567 910 2628 reget
973 2560 974 2607 1

237 2645 370 2719 cotegna
380 2622 505 2700 difliidit3
519 2627 719 2705 clarissimique
732 2645 797 2686 sunt
807 2625 909 2692 habiri,
973 2618 974 2643 ³

220 2773 223 2776 ‚
258 2728 287 2766 ur
305 2723 392 2766 ettam
408 2706 534 2770 minimae
549 2708 622 2790 parti
634 2725 715 2772 tantu
725 2706 846 2770 fortuna
859 2704 911 2777 ad:

282 2799 388 2851 terunt·
416 2826 421 2837 v
