1958 3630
230 281 422 377 LIBER
467 288 545 354 Vl.
669 313 723 374 339

42 390 176 459 bantut',
191 405 253 446 nou
266 408 371 450 uocem
382 388 495 459 modo,
513 388 660 452 sedetiam
671 413 726 474 ge·

45 467 137 528 tuitus
155 465 256 526 habuit
275 468 305 526 in
324 485 488 546 potestate:
510 470 558 531 sed
574 489 727 549 postquam

45 547 245 613 intumescens
254 567 356 624 corpus
366 548 525 617 ulceribus,
546 547 727 629 flagellorum

46 625 124 688 ictus
135 624 219 686 nudis
232 626 339 686 ossibus
349 627 475 687 incussos
486 627 557 689 ferte
573 648 631 689 non
643 648 729 708 pote·

45 724 117 779 rat3
135 703 163 764 si
178 703 320 764 tormentis
331 702 482 766 adhibituri
494 704 601 766 modum
612 728 728 780 esseut,

46 783 192 844 dicturum
204 802 256 853 te,
277 803 335 863 quoe
354 783 429 844 scire
446 801 624 863 expeterent,
643 786 730 867 polli-

47 883 145 924 cetur.
157 858 309 941 Stdfittem
318 860 536 1003 {uastionifore
548 903 559 934 ,
571 865 668 944 jurare
681 886 728 926 ets

44 962 99 1023 per
109 938 269 1002 Alexandri
288 961 320 1002 sa
332 958 405 1002 utem
422 944 561 1012 volebat,
581 944 730 1006 removeri-

47 1041 104 1100 que
125 1036 252 1082 tortores.
272 1019 309 1080 Et
324 1038 444 1100 utroque
459 1022 635 1100 impetrato,
654 1019 730 1084 Cra·

48 1118 118 1162 tero
135 1098 247 1176 inquit,
265 1096 311 1160 dt'c
323 1099 388 1178 quid
398 1121 441 1161 me
457 1099 529 1162 velis
544 1099 647 1165 dicere.
670 1103 728 1162 Illo

48 1179 222 1260 indignante
233 1176 370 1258 ludificari
382 1200 463 1249 eum,
481 1201 627 1260 rursusque
642 1202 730 1243 sevo*

50 1279 139 1320 cante
153 1275 276 1319 tortores
289 1281 299 1331 ς
313 1276 419 1339 tempus
428 1276 519 1339 petere
534 1261 639 1340 coepit,
664 1260 729 1322 dum

50 1338 193 1418 reciperet
203 1336 350 1417 spiritum,
369 1355 468 1397 cuncta
479 1359 539 1417 quae
549 1342 657 1410 sciret,
677 1340 726 1400 in·

51 1416 214 1479 dicaturus.
240 1417 358 1477 Interim
382 1418 516 1495 equites,
537 1419 741 1482 nobilissimus,

52 1497 197 1574 quisque,
213 1495 272 1555 etii
284 1496 429 1566 maxime,
449 1499 497 1573 qui
507 1498 743 1561 Parmenionem:

53 1577 217 1654 propinqua
229 1575 402 1655 cognatione
411 1577 614 1659 contingebant
621 1618 632 1647 ,
651 1595 741 1655 post·.

53 1675 146 1733 quam
163 1651 297 1714 Philotan
313 1654 439 1732 torqueri
452 1655 529 1717 fama
539 1656 729 1738 vulgaverat,

54 1735 156 1815 legem
165 1732 359 1794 Macedonum
367 1733 527 1813 veriti,qua
535 1755 650 1796 caurum
658 1753 731 1807 erat,

55 1832 89 1874 ut
95 1811 250 1891 propinqui
258 1815 430 1892 eorum‚qui
437 1815 496 1894 tegi
504 1814 624 1875 insidiati
632 1832 743 1899 etant,-

56 1912 128 1953 cum
141 1890 209 1969 ipsis
220 1909 406 1966 necarentur3
431 1894 480 1953 alii
498 1913 527 1953 se
537 1892 710 1957 interficiunt
719 1915 743 1967 ς’

56 1972 110 2032 alii
126 1970 157 2031 in
171 1969 269 2032 devios
284 1988 396 2032 montes
409 1990 555 2050 vastasque
567 1973 733 2034 solitudines

57 2051 175 2131 fugiunt
196 2071 206 2110 ε
228 2048 337 2130 ingenti
360 2069 489 2129 pertusa
510 2069 602 2113 castra
623 2066 732 2113 terrore

58 2128 162 2192 diffuso
174 2170 185 2199 ,
197 2128 289 2190 donec
299 2149 350 2190 tex
359 2131 482 2191 tumultu
492 2131 631 2210 cognito,
642 2128 733 2209 legent

58 2229 92 2273 re
116 2205 253 2289 supplicio
274 2209 431 2287 conjunctis
451 2207 571 2268 sontium
592 2207 734 2268 remittere

59 2288 161 2350 edixit.
178 2284 328 2356 Philotas,
348 2308 456 2351 verone
472 2308 509 2347 an
529 2285 680 2348 mendacio
696 2286 746 2365 li·-¹

60 2371 162 2430 betate
176 2386 206 2427 se
217 2387 234 2427 a
246 2367 371 2429 cruciatu
381 2367 525 2437 voluerit,
541 2386 644 2444 anceps
660 2386 734 2429 con-

62 2448 174 2527 jectura
186 2461 250 2515 est,
269 2446 406 2526 quoniam
417 2463 446 2507 et
456 2466 524 2507 veta
535 2446 687 2518 confessis,
703 2463 736 2516 et

62 2527 134 2589 falsa
147 2524 324 2597 dicentibus,
339 2525 416 2586 idem
434 2525 541 2606 doloris
555 2525 619 2587 finis
637 2545 734 2587 osten·

63 2607 148 2668 ditur.
161 2603 317 2681 Ceterum,
331 2602 441 2675 Pater,
460 2605 570 2684 inquit,
587 2623 664 2665 meus
673 2603 736 2667 He-

60 2682 181 2775 gelocho
198 2703 279 2771 quum
293 2682 476 2768 familiariter
496 2702 567 2750 utus-
583 2683 651 2753 sit,
679 2702 743 2746 nuc

545 2781 638 2863 ffij
