2002 3636
158 245 207 295 tlt
244 245 280 304 Q.
319 245 532 295 CURTIUM
565 246 593 296 l.
628 248 651 296 l·
719 263 751 306 ἦ

12 390 13 399 ¹
72 333 164 399 ciperet.
185 331 348 397 inopinatum
365 347 536 395 responsum,
555 332 752 398 hominemque,

12 428 13 431 =
76 399 173 462 iuquem
187 399 214 450 in
229 414 304 450 tanta
313 416 357 450 sua
372 401 473 448 fortuna
483 416 514 449 ne
529 398 639 450 beneficii
649 401 750 465 quidem

75 467 109 528 jus
121 467 239 526 habetet,
260 465 399 516 admiratus
418 469 524 516 Macedo
541 466 630 519 dixisse
649 470 749 530 fertur,

75 533 201 601 Diogenem
213 552 266 587 esse
279 536 407 599 voluisse,
423 532 450 584 ni
464 534 603 588 Alexander
617 552 688 588 esset.
697 535 751 586 Sei-

76 598 130 650 licet
144 600 299 667 mgnitudo
314 597 407 657 animi,
430 599 472 678 qui
489 603 586 652 exalto
610 601 749 667 despiceret

76 666 168 727 omnia,
185 685 296 733 quorum
313 684 386 717 causa
398 667 488 733 reliqui
503 670 621 720 mortales
634 670 751 736 semetip-

74 752 112 789 sos
124 735 216 801 cupide
229 736 359 800 perdunt,
372 751 423 785 non
438 737 628 799 planefallebat
642 754 751 790 mentem

76 803 182 853 acerrimi
192 803 311 865 juvenis3
328 803 373 851 sed
383 803 505 854 obcaecata
513 804 690 880 cupiditatibus
699 823 752 869 pct-

76 869 157 922 videre
170 887 224 921 nou
239 884 362 936 poterat,
378 885 469 936 quanto
491 871 578 920 melius
593 887 656 922 esset
671 889 751 925 carere

76 937 232 1001 supervacuis
242 937 333 1002 opibus
344 970 352 992 ‚
370 954 440 1002 quam
451 938 541 988 habere
550 937 706 990 necessarias.
716 943 752 991 Ex

77 1005 250 1070 Peloponneso
266 1003 384 1068 Delphos
408 1002 520 1065 invisit3
555 1005 704 1070 Apollinem
720 1008 753 1059 de

78 1088 165 1123 eventu
173 1071 236 1122 belli
247 1110 255 1131 ,
270 1073 340 1137 quod
348 1071 513 1135 moliebatur,
530 1074 697 1125 consulturus.
706 1076 753 1126 sed

79 1138 148 1206 ,virgo
169 1139 273 1191 fatidica
289 1139 397 1204 negabat
413 1157 457 1206 per
472 1159 509 1191 eos
525 1143 576 1195 diesv
591 1144 657 1194 adiri
670 1142 751 1193 Deum

74 1208 196 1271 settene:
216 1210 298 1258 donec
315 1206 368 1270 ipse
384 1222 414 1256 eo
428 1211 571 1269 profectus,
589 1207 616 1259 vi
629 1208 754 1272 corripuit

79 1272 217 1338 yirgiuem,
235 1290 262 1325 et
277 1276 308 1324 ad
323 1273 443 1337 templum
458 1272 541 1324 traxit.
554 1276 601 1325 Sed
615 1293 672 1327 sum
685 1275 752 1329 intes

79 1342 178 1392 eundum
192 1343 238 1392 illa
248 1340 360 1406 patrium
368 1357 462 1390 morem
472 1341 606 1405 pertinacia
620 1342 686 1411 tegis
695 1344 751 1395 vic·
777 1354 785 1369 ¹

79 1423 128 1458 tutu
146 1426 289 1474 reputans,
309 1407 485 1467 exclamasset,
506 1412 612 1462 invictus
626 1429 668 1469 et,
680 1413 750 1477 fili,-

79 1478 177 1543 accipere
192 1495 282 1535 omen,
301 1474 383 1535 dixit,
401 1494 442 1528 nec
452 1477 501 1528 alio
515 1482 611 1530 oraculo
626 1478 672 1529 sili
693 1497 751 1546 opus

79 1560 131 1599 este.
143 1544 191 1594 His
204 1545 279 1594 rebus
293 1542 408 1594 celeriter
422 1542 543 1593 confectis
556 1543 582 1593 in
596 1560 699 1610 regnum
713 1561 753 1595 re·

81 1626 190 1673 mutus,
206 1628 307 1677 summo
317 1609 400 1662 studio
414 1610 441 1660 iu
455 1608 589 1660 vindictam
603 1626 689 1676 spretae
699 1613 756 1662 Ma·

82 1678 198 1734 pedonum
212 1677 349 1742 majestatis
364 1676 599 1744 incubuit0Jamqtte
614 1679 755 1743 preparatis

82 1745 208 1805 omnibus,
229 1762 290 1798 vere
308 1762 376 1797 novo
399 1763 429 1796 ex
451 1745 601 1810 Amphipoli
625 1762 755 1805 movens,

82 1813 187 1870 adversus
202 1811 299 1864 liberas
312 1813 421 1865 Thraciae
432 1828 534 1877 gentes,
550 1811 654 1863 decimis
667 1810 756 1863 castris

80 1881 108 1929 ad
124 1896 237 1932 montem
255 1880 354 1932 AEmutn
375 1879 501 1946 pervenit.
522 1881 613 1944 Magna
631 1878 754 1930 Thracum

80 1963 156 2000 mantes
170 1951 262 2015 iugum
278 1963 463 2014 occupaverat,
479 1946 582 1998 transitu
615 1945 756 1998 rohibituta

12 2018 14 2035 '
80 2031 167 2081 regent.
181 2020 273 2068 Castra
287 2015 404 2082 plaustris
419 2014 446 2064 in
458 2017 559 2066 modum
572 1963 633 2079 villi
649 2015 756 2067 circum·

81 2084 213 2145 dedetaut3
231 2082 375 2149 propulmri
388 2083 415 2134 in
426 2084 541 2141 hostem,
561 2081 583 2131 si
597 2081 637 2133 vit
649 2080 756 2143 inferre-

81 2165 126 2203 tur.
141 2152 284 2203 Alexander
305 2152 464 2202 barbarorum
483 2168 537 2201 astu
549 2149 654 2214 cognito
677 2149 757 2200 edixit

81 2217 216 2279 militibus,
235 2236 263 2271 ut
272 2221 392 2287 plaustris
407 2219 572 2274 irruentibus,
587 2218 686 2268 diducta
694 2218 756 2284 pba-

81 2288 146 2354 lauge
161 2289 266 2339 innoxia
282 2286 360 2338 dilabi
374 2301 536 2354 poterentur,¹
550 2301 615 2342 aut,
635 2284 658 2335 ei
673 2285 755 2352 depre-

82 2355 227 2406 letuiessertt
238 2389 246 2412 ,
258 2355 411 2405 hutnistrari
423 2390 431 2409 ,
442 2354 529 2421 clypeis
538 2367 591 2403 arte
599 2352 757 2413 commiseris,

82 2423 195 2472 testudine
210 2439 236 2473 te
245 2436 410 2490 protegerent.
424 2422 462 2468 lta
470 2417 578 2471 hostium
588 2417 659 2468 dolus
668 2416 756 2483 irritus

82 2486 133 2539 luit,
149 2491 244 2554 Magna
259 2489 428 2553 platuttotum
441 2503 496 2550 pars
511 2502 555 2549 pet
568 2485 699 2535 intervalla
714 2502 758 2535 or·

82 2553 161 2606 diuum
176 2556 298 2608 devoluta
312 2571 368 2613 eset
383 2569 435 2619 que
450 2552 548 2604 armatis
561 2551 687 2611 incidere,
704 2553 757 2618 cly-
832 2600 839 2610 ,

82 2620 131 2687 peis
147 2623 274 2687 impacta,
299 2639 394 2688 suoque
411 2620 503 2686 impetu
520 2619 672 2673 subsistentia
690 2617 757 2681 nihil

83 2688 198 2755 retuderit
211 2692 242 2742 ad
254 2692 423 2757 oppetendam
429 2690 555 2754 habuere:
565 2687 694 2817 omgsgue
709 2683 756 2737 ills
