<?xml version="1.0" encoding="UTF-8"?>
<!DOCTYPE html PUBLIC "-//W3C//DTD XHTML 1.0 Transitional//EN"
    "http://www.w3.org/TR/xhtml1/DTD/xhtml1-transitional.dtd">
<html xmlns="http://www.w3.org/1999/xhtml" xml:lang="en" lang="en">
 <head>
  <title>
</title>
<meta http-equiv="Content-Type" content="text/html;charset=utf-8" />
  <meta name='ocr-system' content='tesseract 3.04.00' />
  <meta name='ocr-capabilities' content='ocr_page ocr_carea ocr_par ocr_line ocrx_word'/>
</head>
<body>
  <div class='ocr_page' id='page_1' title='image "./qcurtiirufidere03rufugoog_0514.png"; bbox 0 0 1936 3644; ppageno 0'>
   <div class='ocr_carea' id='block_1_1' title="bbox 245 302 746 387">
    <p class='ocr_par' dir='ltr' id='par_1_1' title="bbox 245 302 746 387">
     <span class='ocr_line' id='line_1_1' title="bbox 245 302 746 387; baseline 0.01 -15"><span class='ocrx_word' id='word_1_1' title='bbox 245 304 441 374; x_wconf 68' lang='lat' dir='ltr'><strong>LIBER</strong></span> <span class='ocrx_word' id='word_1_2' title='bbox 491 302 568 379; x_wconf 82' lang='grc' dir='ltr'>ῐΧ.</span> <span class='ocrx_word' id='word_1_3' title='bbox 682 318 746 387; x_wconf 60' lang='lat'>’487</span> 
     </span>
    </p>
   </div>
   <div class='ocr_carea' id='block_1_2' title="bbox 65 407 747 826">
    <p class='ocr_par' dir='ltr' id='par_1_2' title="bbox 65 407 747 826">
     <span class='ocr_line' id='line_1_2' title="bbox 65 407 746 494; baseline 0.006 -22"><span class='ocrx_word' id='word_1_4' title='bbox 65 407 138 473; x_wconf 73' lang='lat' dir='ltr'>‘dam</span> <span class='ocrx_word' id='word_1_5' title='bbox 153 425 218 471; x_wconf 82' lang='lat' dir='ltr'>eam</span> <span class='ocrx_word' id='word_1_6' title='bbox 230 413 380 493; x_wconf 83' lang='lat' dir='ltr'>regionem</span> <span class='ocrx_word' id='word_1_7' title='bbox 392 413 524 475; x_wconf 82' lang='lat' dir='ltr'>Perdicca</span> <span class='ocrx_word' id='word_1_8' title='bbox 538 436 604 475; x_wconf 91' lang='lat' dir='ltr'>cum</span> <span class='ocrx_word' id='word_1_9' title='bbox 614 416 746 494; x_wconf 74' lang='lat' dir='ltr'>expeditu</span> 
     </span>
     <span class='ocr_line' id='line_1_3' title="bbox 69 491 745 570; baseline 0.004 -18"><span class='ocrx_word' id='word_1_10' title='bbox 69 504 160 552; x_wconf 81' lang='lat' dir='ltr'>manu</span> <span class='ocrx_word' id='word_1_11' title='bbox 183 491 295 564; x_wconf 83' lang='lat' dir='ltr'>miss03</span> <span class='ocrx_word' id='word_1_12' title='bbox 316 509 426 570; x_wconf 89' lang='lat' dir='ltr'>partem</span> <span class='ocrx_word' id='word_1_13' title='bbox 450 496 598 570; x_wconf 84' lang='lat' dir='ltr'>copiarum</span> <span class='ocrx_word' id='word_1_14' title='bbox 621 494 745 556; x_wconf 79' lang='lat' dir='ltr'>Eumeni</span> 
     </span>
     <span class='ocr_line' id='line_1_4' title="bbox 68 571 745 649; baseline 0.004 -17"><span class='ocrx_word' id='word_1_15' title='bbox 68 571 175 637; x_wconf 84' lang='lat' dir='ltr'>tradit,</span> <span class='ocrx_word' id='word_1_16' title='bbox 192 588 223 630; x_wconf 91' lang='lat' dir='ltr'>ut</span> <span class='ocrx_word' id='word_1_17' title='bbox 232 572 255 631; x_wconf 91' lang='lat' dir='ltr'>is</span> <span class='ocrx_word' id='word_1_18' title='bbox 263 591 378 649; x_wconf 89' lang='lat' dir='ltr'>quoque</span> <span class='ocrx_word' id='word_1_19' title='bbox 385 574 517 633; x_wconf 81' lang='lat' dir='ltr'>barbaros</span> <span class='ocrx_word' id='word_1_20' title='bbox 527 573 561 632; x_wconf 78' lang='lat' dir='ltr'>arl</span> <span class='ocrx_word' id='word_1_21' title='bbox 569 574 745 635; x_wconf 87' lang='lat' dir='ltr'>deditionem</span> 
     </span>
     <span class='ocr_line' id='line_1_5' title="bbox 69 650 745 729; baseline 0 -16"><span class='ocrx_word' id='word_1_22' title='bbox 69 650 260 729; x_wconf 82' lang='lat' dir='ltr'>compelleret</span> <span class='ocrx_word' id='word_1_23' title='bbox 279 673 287 711; x_wconf 77' lang='lat' dir='ltr'>t</span> <span class='ocrx_word' id='word_1_24' title='bbox 305 651 365 729; x_wconf 82' lang='lat' dir='ltr'>ipse</span> <span class='ocrx_word' id='word_1_25' title='bbox 381 671 490 712; x_wconf 84' lang='lat' dir='ltr'>ceteros</span> <span class='ocrx_word' id='word_1_26' title='bbox 507 654 541 712; x_wconf 87' lang='lat' dir='ltr'>ad</span> <span class='ocrx_word' id='word_1_27' title='bbox 555 654 653 714; x_wconf 89' lang='lat' dir='ltr'>urbem</span> <span class='ocrx_word' id='word_1_28' title='bbox 670 655 745 717; x_wconf 84' lang='lat' dir='ltr'>vali-</span> 
     </span>
     <span class='ocr_line' id='line_1_6' title="bbox 69 730 747 826; baseline 0.003 -36"><span class='ocrx_word' id='word_1_29' title='bbox 69 731 159 801; x_wconf 89' lang='lat' dir='ltr'>dam,</span> <span class='ocrx_word' id='word_1_30' title='bbox 181 730 211 788; x_wconf 88' lang='lat' dir='ltr'>in</span> <span class='ocrx_word' id='word_1_31' title='bbox 227 752 313 807; x_wconf 89' lang='lat' dir='ltr'>quam</span> <span class='ocrx_word' id='word_1_32' title='bbox 330 730 449 792; x_wconf 86' lang='lat' dir='ltr'>aliarum</span> <span class='ocrx_word' id='word_1_33' title='bbox 473 753 586 809; x_wconf 85' lang='lat' dir='ltr'>quoque</span> <span class='ocrx_word' id='word_1_34' title='bbox 603 731 747 826; x_wconf 45' lang='lat' dir='ltr'>confuge}</span> 
     </span>
    </p>
   </div>
   <div class='ocr_carea' id='block_1_3' title="bbox 61 796 749 2805">
    <p class='ocr_par' dir='ltr' id='par_1_3' title="bbox 61 796 749 2805">
     <span class='ocr_line' id='line_1_7' title="bbox 68 796 748 890; baseline 0 -18"><span class='ocrx_word' id='word_1_35' title='bbox 68 827 135 872; x_wconf 68' lang='lat' dir='ltr'>sans</span> <span class='ocrx_word' id='word_1_36' title='bbox 159 808 394 880; x_wconf 71' lang='lat' dir='ltr'>inc01ae3&#39;duxit.</span> <span class='ocrx_word' id='word_1_37' title='bbox 417 796 564 889; x_wconf 76' lang='lat' dir='ltr'>Oppidani</span> <span class='ocrx_word' id='word_1_38' title='bbox 587 811 676 872; x_wconf 68' lang='lat' dir='ltr'>nesus</span> <span class='ocrx_word' id='word_1_39' title='bbox 696 827 748 890; x_wconf 76' lang='lat' dir='ltr'>qu</span> 
     </span>
     <span class='ocr_line' id='line_1_8' title="bbox 68 890 746 971; baseline 0.001 -21"><span class='ocrx_word' id='word_1_40' title='bbox 68 910 172 971; x_wconf 86' lang='lat' dir='ltr'>regem</span> <span class='ocrx_word' id='word_1_41' title='bbox 182 890 419 968; x_wconf 85' lang='lat' dir='ltr'>deprecarentur,</span> <span class='ocrx_word' id='word_1_42' title='bbox 438 891 624 952; x_wconf 83' lang='lat' dir='ltr'>nihilominus</span> <span class='ocrx_word' id='word_1_43' title='bbox 637 891 746 952; x_wconf 88' lang='lat' dir='ltr'>bellum</span> 
     </span>
     <span class='ocr_line' id='line_1_9' title="bbox 66 966 747 1048; baseline 0.001 -19"><span class='ocrx_word' id='word_1_44' title='bbox 66 971 220 1048; x_wconf 83' lang='lat' dir='ltr'>parabant.</span> <span class='ocrx_word' id='word_1_45' title='bbox 244 966 360 1046; x_wconf 86' lang='lat' dir='ltr'>Quippe</span> <span class='ocrx_word' id='word_1_46' title='bbox 383 984 445 1029; x_wconf 85' lang='lat' dir='ltr'>orta</span> <span class='ocrx_word' id='word_1_47' title='bbox 463 970 564 1030; x_wconf 87' lang='lat' dir='ltr'>seditio</span> <span class='ocrx_word' id='word_1_48' title='bbox 584 970 614 1029; x_wconf 87' lang='lat' dir='ltr'>iu</span> <span class='ocrx_word' id='word_1_49' title='bbox 637 970 747 1032; x_wconf 83' lang='lat' dir='ltr'>diversa</span> 
     </span>
     <span class='ocr_line' id='line_1_10' title="bbox 68 1047 747 1129; baseline -0.001 -19"><span class='ocrx_word' id='word_1_50' title='bbox 68 1047 193 1110; x_wconf 85' lang='lat' dir='ltr'>consilia</span> <span class='ocrx_word' id='word_1_51' title='bbox 204 1048 350 1108; x_wconf 82' lang='lat' dir='ltr'>diduxerat</span> <span class='ocrx_word' id='word_1_52' title='bbox 359 1048 478 1129; x_wconf 86' lang='lat' dir='ltr'>vulgum</span> <span class='ocrx_word' id='word_1_53' title='bbox 492 1070 501 1122; x_wconf 79' lang='lat'>3</span> <span class='ocrx_word' id='word_1_54' title='bbox 521 1048 570 1108; x_wconf 87' lang='lat' dir='ltr'>alii</span> <span class='ocrx_word' id='word_1_55' title='bbox 586 1048 684 1122; x_wconf 80' lang='lat' dir='ltr'>omnia</span> <span class='ocrx_word' id='word_1_56' title='bbox 696 1049 747 1109; x_wconf 72' lang='lat' dir='ltr'>de⁴</span> 
     </span>
     <span class='ocr_line' id='line_1_11' title="bbox 68 1127 746 1206; baseline -0.001 -18"><span class='ocrx_word' id='word_1_57' title='bbox 68 1128 182 1188; x_wconf 84' lang='lat' dir='ltr'>ditione</span> <span class='ocrx_word' id='word_1_58' title='bbox 198 1128 310 1205; x_wconf 85' lang='lat' dir='ltr'>potiora</span> <span class='ocrx_word' id='word_1_59' title='bbox 324 1149 334 1200; x_wconf 82' lang='lat'>3</span> <span class='ocrx_word' id='word_1_60' title='bbox 356 1129 469 1205; x_wconf 88' lang='lat' dir='ltr'>quidam</span> <span class='ocrx_word' id='word_1_61' title='bbox 484 1130 595 1188; x_wconf 84' lang='lat' dir='ltr'>nullam</span> <span class='ocrx_word' id='word_1_62' title='bbox 612 1147 698 1206; x_wconf 86' lang='lat' dir='ltr'>opem</span> <span class='ocrx_word' id='word_1_63' title='bbox 715 1127 746 1187; x_wconf 84' lang='lat' dir='ltr'>itt</span> 
     </span>
     <span class='ocr_line' id='line_1_12' title="bbox 69 1206 748 1288; baseline -0.001 -19"><span class='ocrx_word' id='word_1_64' title='bbox 69 1208 139 1288; x_wconf 87' lang='lat' dir='ltr'>ipsis</span> <span class='ocrx_word' id='word_1_65' title='bbox 156 1226 214 1268; x_wconf 89' lang='lat' dir='ltr'>esse</span> <span class='ocrx_word' id='word_1_66' title='bbox 226 1208 376 1269; x_wconf 78' lang='lat' dir='ltr'>ducebant.</span> <span class='ocrx_word' id='word_1_67' title='bbox 391 1206 444 1268; x_wconf 80' lang='lat' dir='ltr'>Sed</span> <span class='ocrx_word' id='word_1_68' title='bbox 457 1207 525 1267; x_wconf 91' lang='lat' dir='ltr'>dum</span> <span class='ocrx_word' id='word_1_69' title='bbox 537 1206 611 1269; x_wconf 85' lang='lat' dir='ltr'>nihil</span> <span class='ocrx_word' id='word_1_70' title='bbox 622 1208 651 1267; x_wconf 87' lang='lat' dir='ltr'>in</span> <span class='ocrx_word' id='word_1_71' title='bbox 664 1229 748 1268; x_wconf 79' lang='lat' dir='ltr'>com·</span> 
     </span>
     <span class='ocr_line' id='line_1_13' title="bbox 67 1285 746 1425; baseline -0.001 -76"><span class='ocrx_word' id='word_1_72' title='bbox 67 1307 161 1349; x_wconf 87' lang='lat' dir='ltr'>mune</span> <span class='ocrx_word' id='word_1_73' title='bbox 182 1285 361 1354; x_wconf 83' lang='lat' dir='ltr'>consulitur,</span> <span class='ocrx_word' id='word_1_74' title='bbox 384 1287 432 1425; x_wconf 80' lang='lat' dir='ltr'>qpi</span> <span class='ocrx_word' id='word_1_75' title='bbox 452 1286 587 1348; x_wconf 86' lang='lat' dir='ltr'>deditioni</span> <span class='ocrx_word' id='word_1_76' title='bbox 608 1287 746 1348; x_wconf 81' lang='lat' dir='ltr'>immine·</span> 
     </span>
     <span class='ocr_line' id='line_1_14' title="bbox 67 1365 747 1445; baseline 0.001 -18"><span class='ocrx_word' id='word_1_77' title='bbox 67 1369 140 1428; x_wconf 82' lang='lat' dir='ltr'>bant</span> <span class='ocrx_word' id='word_1_78' title='bbox 152 1402 163 1435; x_wconf 77' lang='grc'><em>,</em></span> <span class='ocrx_word' id='word_1_79' title='bbox 181 1366 283 1445; x_wconf 87' lang='lat' dir='ltr'>apertis</span> <span class='ocrx_word' id='word_1_80' title='bbox 295 1365 383 1444; x_wconf 84' lang='lat' dir='ltr'>portis</span> <span class='ocrx_word' id='word_1_81' title='bbox 413 1385 504 1429; x_wconf 86' lang='lat' dir='ltr'>ostem</span> <span class='ocrx_word' id='word_1_82' title='bbox 514 1368 663 1445; x_wconf 82' lang='lat' dir='ltr'>recipiunt.</span> <span class='ocrx_word' id='word_1_83' title='bbox 674 1367 747 1428; x_wconf 76' lang='lat' dir='ltr'>Ale·</span> 
     </span>
     <span class='ocr_line' id='line_1_15' title="bbox 66 1445 747 1525; baseline 0 -17"><span class='ocrx_word' id='word_1_84' title='bbox 66 1447 180 1508; x_wconf 81' lang='lat' dir='ltr'>xandet</span> <span class='ocrx_word' id='word_1_85' title='bbox 205 1466 367 1525; x_wconf 84' lang='lat' dir='ltr'>quanquam</span> <span class='ocrx_word' id='word_1_86' title='bbox 398 1445 464 1506; x_wconf 89' lang='lat' dir='ltr'>belli</span> <span class='ocrx_word' id='word_1_87' title='bbox 493 1446 656 1508; x_wconf 84' lang='lat' dir='ltr'>auctoribus</span> <span class='ocrx_word' id='word_1_88' title='bbox 683 1447 747 1523; x_wconf 74' lang='lat' dir='ltr'>jure</span> 
     </span>
     <span class='ocr_line' id='line_1_16' title="bbox 65 1526 746 1607; baseline -0.001 -20"><span class='ocrx_word' id='word_1_89' title='bbox 65 1544 184 1607; x_wconf 88' lang='lat' dir='ltr'>poterat</span> <span class='ocrx_word' id='word_1_90' title='bbox 196 1526 276 1586; x_wconf 80' lang='lat' dir='ltr'>irasci</span> <span class='ocrx_word' id='word_1_91' title='bbox 288 1547 298 1598; x_wconf 72' lang='grc' dir='ltr'><strong>ς</strong></span> <span class='ocrx_word' id='word_1_92' title='bbox 313 1544 410 1585; x_wconf 88' lang='lat' dir='ltr'>tamen</span> <span class='ocrx_word' id='word_1_93' title='bbox 421 1526 555 1586; x_wconf 83' lang='lat' dir='ltr'>omnibus</span> <span class='ocrx_word' id='word_1_94' title='bbox 563 1527 648 1587; x_wconf 85' lang='lat' dir='ltr'>venia</span> <span class='ocrx_word' id='word_1_95' title='bbox 659 1526 722 1586; x_wconf 86' lang='lat' dir='ltr'>data</span> <span class='ocrx_word' id='word_1_96' title='bbox 733 1542 746 1595; x_wconf 80' lang='lat'>,&#39;</span> 
     </span>
     <span class='ocr_line' id='line_1_17' title="bbox 66 1605 747 1682; baseline -0.007 -13"><span class='ocrx_word' id='word_1_97' title='bbox 66 1623 98 1669; x_wconf 86' lang='lat' dir='ltr'>et</span> <span class='ocrx_word' id='word_1_98' title='bbox 115 1605 259 1666; x_wconf 84' lang='lat' dir='ltr'>obsidibus</span> <span class='ocrx_word' id='word_1_99' title='bbox 272 1605 412 1682; x_wconf 84' lang='lat' dir='ltr'>acceptis,</span> <span class='ocrx_word' id='word_1_100' title='bbox 426 1606 459 1664; x_wconf 87' lang='lat' dir='ltr'>ad</span> <span class='ocrx_word' id='word_1_101' title='bbox 472 1606 634 1682; x_wconf 85' lang='lat' dir='ltr'>proximam</span> <span class='ocrx_word' id='word_1_102' title='bbox 646 1605 747 1665; x_wconf 77' lang='lat' dir='ltr'>deinde</span> 
     </span>
     <span class='ocr_line' id='line_1_18' title="bbox 65 1683 748 1750; baseline -0.007 -1"><span class='ocrx_word' id='word_1_103' title='bbox 65 1688 174 1750; x_wconf 87' lang='lat' dir='ltr'>urbem</span> <span class='ocrx_word' id='word_1_104' title='bbox 195 1703 283 1745; x_wconf 87' lang='lat' dir='ltr'>castra</span> <span class='ocrx_word' id='word_1_105' title='bbox 303 1684 407 1745; x_wconf 88' lang='lat' dir='ltr'>movit.</span> <span class='ocrx_word' id='word_1_106' title='bbox 433 1683 554 1745; x_wconf 87' lang='lat' dir='ltr'>Obsides</span> <span class='ocrx_word' id='word_1_107' title='bbox 573 1685 748 1744; x_wconf 85' lang='lat' dir='ltr'>ducebantur</span> 
     </span>
     <span class='ocr_line' id='line_1_19' title="bbox 65 1763 746 1845; baseline -0.007 -17"><span class='ocrx_word' id='word_1_108' title='bbox 65 1783 138 1828; x_wconf 78' lang='lat' dir='ltr'>ante</span> <span class='ocrx_word' id='word_1_109' title='bbox 156 1785 260 1845; x_wconf 82' lang='lat' dir='ltr'>agmen</span> <span class='ocrx_word' id='word_1_110' title='bbox 278 1787 288 1837; x_wconf 71' lang='grc' dir='ltr'><strong>ς</strong></span> <span class='ocrx_word' id='word_1_111' title='bbox 307 1784 378 1840; x_wconf 89' lang='lat' dir='ltr'>quos</span> <span class='ocrx_word' id='word_1_112' title='bbox 392 1784 488 1825; x_wconf 89' lang='lat' dir='ltr'>cume</span> <span class='ocrx_word' id='word_1_113' title='bbox 506 1764 594 1825; x_wconf 84' lang='lat' dir='ltr'>mutis</span> <span class='ocrx_word' id='word_1_114' title='bbox 609 1763 746 1845; x_wconf 75' lang='lat' dir='ltr'>agnovis-</span> 
     </span>
     <span class='ocr_line' id='line_1_20' title="bbox 65 1843 747 1924; baseline -0.006 -16"><span class='ocrx_word' id='word_1_115' title='bbox 65 1862 151 1914; x_wconf 79' lang='lat' dir='ltr'>sent,</span> <span class='ocrx_word' id='word_1_116' title='bbox 161 1861 260 1922; x_wconf 87' lang='lat' dir='ltr'>utpote</span> <span class='ocrx_word' id='word_1_117' title='bbox 269 1844 361 1924; x_wconf 85' lang='lat' dir='ltr'>gentis</span> <span class='ocrx_word' id='word_1_118' title='bbox 371 1843 516 1921; x_wconf 83' lang='lat' dir='ltr'>ejusdem,</span> <span class='ocrx_word' id='word_1_119' title='bbox 525 1844 553 1901; x_wconf 93' lang='lat' dir='ltr'>in</span> <span class='ocrx_word' id='word_1_120' title='bbox 565 1845 747 1921; x_wconf 83' lang='lat' dir='ltr'>colloquium</span> 
     </span>
     <span class='ocr_line' id='line_1_21' title="bbox 63 1920 747 2001; baseline -0.013 -12"><span class='ocrx_word' id='word_1_121' title='bbox 63 1940 316 1989; x_wconf 82' lang='lat' dir='ltr'>convocaverunt.</span> <span class='ocrx_word' id='word_1_122' title='bbox 339 1923 384 1982; x_wconf 93' lang='lat' dir='ltr'>Illi</span> <span class='ocrx_word' id='word_1_123' title='bbox 407 1920 580 1983; x_wconf 82' lang='lat' dir='ltr'>clementium</span> <span class='ocrx_word' id='word_1_124' title='bbox 600 1922 679 2001; x_wconf 83' lang='lat' dir='ltr'>regis</span> <span class='ocrx_word' id='word_1_125' title='bbox 701 1920 747 1981; x_wconf 62' lang='lat' dir='ltr'>si&lt;</span> 
     </span>
     <span class='ocr_line' id='line_1_22' title="bbox 64 2002 747 2082; baseline -0.009 -16"><span class='ocrx_word' id='word_1_126' title='bbox 64 2003 181 2082; x_wconf 79' lang='lat' dir='ltr'>mulque</span> <span class='ocrx_word' id='word_1_127' title='bbox 196 2002 252 2063; x_wconf 74' lang='lat' dir='ltr'>vim</span> <span class='ocrx_word' id='word_1_128' title='bbox 270 2002 549 2071; x_wconf 89' lang='lat' dir='ltr'>commemorando,</span> <span class='ocrx_word' id='word_1_129' title='bbox 569 2004 604 2063; x_wconf 89' lang='lat' dir='ltr'>ad</span> <span class='ocrx_word' id='word_1_130' title='bbox 622 2002 747 2062; x_wconf 74' lang='lat' dir='ltr'>deditio-</span> 
     </span>
     <span class='ocr_line' id='line_1_23' title="bbox 63 2082 747 2160; baseline -0.009 -13"><span class='ocrx_word' id='word_1_131' title='bbox 63 2104 141 2147; x_wconf 89' lang='lat' dir='ltr'>nem</span> <span class='ocrx_word' id='word_1_132' title='bbox 161 2104 212 2143; x_wconf 87' lang='lat' dir='ltr'>eos</span> <span class='ocrx_word' id='word_1_133' title='bbox 225 2083 393 2160; x_wconf 82' lang='lat' dir='ltr'>compulere</span> <span class='ocrx_word' id='word_1_134' title='bbox 408 2105 416 2143; x_wconf 81' lang='lat' dir='ltr'>a</span> <span class='ocrx_word' id='word_1_135' title='bbox 432 2100 593 2159; x_wconf 83' lang='lat' dir='ltr'>ceterasque</span> <span class='ocrx_word' id='word_1_136' title='bbox 606 2085 687 2142; x_wconf 87' lang='lat' dir='ltr'>urbes</span> <span class='ocrx_word' id='word_1_137' title='bbox 704 2082 747 2141; x_wconf 80' lang='lat' dir='ltr'>si-</span> 
     </span>
     <span class='ocr_line' id='line_1_24' title="bbox 63 2160 748 2238; baseline -0.009 -11"><span class='ocrx_word' id='word_1_138' title='bbox 63 2165 136 2227; x_wconf 90' lang='lat' dir='ltr'>mili</span> <span class='ocrx_word' id='word_1_139' title='bbox 154 2161 243 2222; x_wconf 91' lang='lat' dir='ltr'>modo</span> <span class='ocrx_word' id='word_1_140' title='bbox 258 2161 364 2221; x_wconf 79' lang='lat' dir='ltr'>deditas</span> <span class='ocrx_word' id='word_1_141' title='bbox 379 2161 408 2220; x_wconf 90' lang='lat' dir='ltr'>in</span> <span class='ocrx_word' id='word_1_142' title='bbox 423 2161 509 2221; x_wconf 89' lang='lat' dir='ltr'>fidem</span> <span class='ocrx_word' id='word_1_143' title='bbox 524 2162 644 2238; x_wconf 80' lang='lat' dir='ltr'>accepit.</span> <span class='ocrx_word' id='word_1_144' title='bbox 665 2160 748 2221; x_wconf 86' lang='lat' dir='ltr'>Hiuo</span> 
     </span>
     <span class='ocr_line' id='line_1_25' title="bbox 63 2238 749 2324; baseline -0.01 -20"><span class='ocrx_word' id='word_1_145' title='bbox 63 2246 98 2307; x_wconf 90' lang='lat' dir='ltr'>in</span> <span class='ocrx_word' id='word_1_146' title='bbox 115 2263 238 2324; x_wconf 84' lang='lat' dir='ltr'>regnum</span> <span class='ocrx_word' id='word_1_147' title='bbox 254 2239 379 2318; x_wconf 86' lang='lat' dir='ltr'>Sophitis</span> <span class='ocrx_word' id='word_1_148' title='bbox 393 2256 559 2318; x_wconf 84' lang='lat' dir='ltr'>perventum</span> <span class='ocrx_word' id='word_1_149' title='bbox 572 2258 623 2301; x_wconf 83' lang='lat' dir='ltr'>est.</span> <span class='ocrx_word' id='word_1_150' title='bbox 638 2238 749 2307; x_wconf 51' lang='lat' dir='ltr'>Genu</span> 
     </span>
     <span class='ocr_line' id='line_1_26' title="bbox 62 2319 748 2397; baseline -0.009 -12"><span class='ocrx_word' id='word_1_151' title='bbox 62 2342 99 2388; x_wconf 92' lang='lat' dir='ltr'>ut</span> <span class='ocrx_word' id='word_1_152' title='bbox 124 2321 260 2390; x_wconf 86' lang='lat' dir='ltr'>barbari,</span> <span class='ocrx_word' id='word_1_153' title='bbox 285 2320 421 2397; x_wconf 87' lang='lat' dir='ltr'>sapientia</span> <span class='ocrx_word' id='word_1_154' title='bbox 444 2319 584 2388; x_wconf 86' lang='lat' dir='ltr'>excellit,</span> <span class='ocrx_word' id='word_1_155' title='bbox 608 2319 748 2396; x_wconf 77' lang='lat' dir='ltr'>bonisque</span> 
     </span>
     <span class='ocr_line' id='line_1_27' title="bbox 62 2398 745 2480; baseline -0.006 -18"><span class='ocrx_word' id='word_1_156' title='bbox 62 2402 201 2477; x_wconf 75' lang='lat' dir='ltr'>moribus</span> <span class='ocrx_word' id='word_1_157' title='bbox 219 2399 335 2480; x_wconf 84' lang='lat' dir='ltr'>regitur.</span> <span class='ocrx_word' id='word_1_158' title='bbox 351 2398 475 2459; x_wconf 87' lang='lat' dir='ltr'>Genitos</span> <span class='ocrx_word' id='word_1_159' title='bbox 490 2399 595 2458; x_wconf 89' lang='lat' dir='ltr'>liberos</span> <span class='ocrx_word' id='word_1_160' title='bbox 611 2419 671 2463; x_wconf 86' lang='lat' dir='ltr'>non</span> <span class='ocrx_word' id='word_1_161' title='bbox 690 2418 745 2476; x_wconf 84' lang='lat' dir='ltr'>pa·</span> 
     </span>
     <span class='ocr_line' id='line_1_28' title="bbox 61 2478 749 2555; baseline -0.013 -9"><span class='ocrx_word' id='word_1_162' title='bbox 61 2499 185 2546; x_wconf 87' lang='lat' dir='ltr'>rentum</span> <span class='ocrx_word' id='word_1_163' title='bbox 199 2480 316 2541; x_wconf 86' lang='lat' dir='ltr'>arbitrio</span> <span class='ocrx_word' id='word_1_164' title='bbox 332 2480 438 2539; x_wconf 88' lang='lat' dir='ltr'>tollunt</span> <span class='ocrx_word' id='word_1_165' title='bbox 455 2479 589 2555; x_wconf 84' lang='lat' dir='ltr'>aiuntque</span> <span class='ocrx_word' id='word_1_166' title='bbox 601 2501 610 2551; x_wconf 84' lang='lat'>3</span> <span class='ocrx_word' id='word_1_167' title='bbox 632 2478 678 2538; x_wconf 87' lang='lat' dir='ltr'>sed</span> <span class='ocrx_word' id='word_1_168' title='bbox 692 2498 749 2538; x_wconf 85' lang='lat' dir='ltr'>eo·</span> 
     </span>
     <span class='ocr_line' id='line_1_29' title="bbox 61 2556 749 2638; baseline -0.004 -17"><span class='ocrx_word' id='word_1_169' title='bbox 61 2582 135 2626; x_wconf 84' lang='lat' dir='ltr'>rum</span> <span class='ocrx_word' id='word_1_170' title='bbox 159 2559 260 2638; x_wconf 88' lang='lat' dir='ltr'>quibus</span> <span class='ocrx_word' id='word_1_171' title='bbox 282 2559 424 2636; x_wconf 84' lang='lat' dir='ltr'>spectandi</span> <span class='ocrx_word' id='word_1_172' title='bbox 444 2558 595 2617; x_wconf 86' lang='lat' dir='ltr'>infantium</span> <span class='ocrx_word' id='word_1_173' title='bbox 616 2556 749 2618; x_wconf 70' lang='lat' dir='ltr'>habitunt</span> 
     </span>
     <span class='ocr_line' id='line_1_30' title="bbox 63 2636 748 2719; baseline -0.019 -12"><span class='ocrx_word' id='word_1_174' title='bbox 63 2662 139 2706; x_wconf 80' lang='lat' dir='ltr'>eura</span> <span class='ocrx_word' id='word_1_175' title='bbox 152 2640 284 2699; x_wconf 87' lang='lat' dir='ltr'>mandata</span> <span class='ocrx_word' id='word_1_176' title='bbox 296 2657 348 2700; x_wconf 87' lang='lat' dir='ltr'>est.</span> <span class='ocrx_word' id='word_1_177' title='bbox 362 2638 391 2699; x_wconf 87' lang='lat' dir='ltr'>Si</span> <span class='ocrx_word' id='word_1_178' title='bbox 402 2660 474 2716; x_wconf 87' lang='lat' dir='ltr'>quos</span> <span class='ocrx_word' id='word_1_179' title='bbox 484 2639 608 2719; x_wconf 85' lang='lat' dir='ltr'>insignes</span> <span class='ocrx_word' id='word_1_180' title='bbox 624 2655 672 2698; x_wconf 88' lang='lat' dir='ltr'>aut</span> <span class='ocrx_word' id='word_1_181' title='bbox 688 2636 748 2695; x_wconf 77' lang='lat' dir='ltr'>ali-r</span> 
     </span>
     <span class='ocr_line' id='line_1_31' title="bbox 61 2719 749 2805; baseline -0.004 -22"><span class='ocrx_word' id='word_1_182' title='bbox 61 2743 126 2805; x_wconf 80' lang='lat' dir='ltr'>qua</span> <span class='ocrx_word' id='word_1_183' title='bbox 135 2722 333 2785; x_wconf 68' lang='lat' dir='ltr'>munitorum</span> <span class='ocrx_word' id='word_1_184' title='bbox 340 2735 418 2798; x_wconf 84' lang='lat' dir='ltr'>parte</span> <span class='ocrx_word' id='word_1_185' title='bbox 427 2719 540 2783; x_wconf 82' lang='lat' dir='ltr'>inutiles</span> <span class='ocrx_word' id='word_1_186' title='bbox 550 2733 723 2784; x_wconf 76' lang='lat' dir='ltr'>notaverunt</span> <span class='ocrx_word' id='word_1_187' title='bbox 731 2738 749 2789; x_wconf 52' lang='grc' dir='ltr'>,ὲ</span> 
     </span>
    </p>
   </div>
   <div class='ocr_carea' id='block_1_4' title="bbox 0 0 972 3644">
    <p class='ocr_par' dir='ltr' id='par_1_4' title="bbox 0 0 972 3644">
     <span class='ocr_line' id='line_1_32' title="bbox 0 0 972 3644; baseline 0 2"><span class='ocrx_word' id='word_1_188' title='bbox 0 0 972 3644; x_wconf 95' lang='lat' dir='ltr'> </span> 
     </span>
    </p>
   </div>
  </div>
 </body>
</html>
