1962 3632
216 288 413 359 LIBER
455 290 550 359 111.
671 313 736 377 ¹53·

52 394 131 474 quit,
146 389 260 457 Darius
273 393 430 473 aliquidaut
440 393 491 456 duc
505 393 602 456 indole
612 391 726 456 hausis-

57 494 96 535 rer
106 483 119 536 !
130 475 213 536 Tum
223 476 415 536 tabernaculo
422 496 563 556 egressus,
573 476 659 537 tribus
671 478 726 536 aris

55 553 83 613 iu
99 556 161 631 upa
177 554 276 616 Pinari
289 555 401 625 amnis,
417 555 488 622 Jevi
503 573 586 633 atque
603 554 725 615 Herculi

58 633 248 711 Minervaque
266 635 401 705 sacratis,
423 634 533 711 Syriam
548 634 643 711 petit;
662 634 727 693 Da·

57 734 181 805 marcum
193 752 208 783 ,
218 713 269 774 ubi
277 713 351 793 regis
360 732 433 794 gaza
444 731 503 774 erar
513 752 527 783 ‚
536 713 727 774 Parmenione

137 810 210 854 1³80·

57 810 166 930 Ἢν.
181 869 271 931 XIII.
291 870 387 946 Atque
407 870 453 940 is,
474 887 542 930 cum
558 868 727 948 praecessisse

57 946 136 1010 Darii
157 967 301 1027 satrapam
325 949 508 1028 comperisset
529 968 540 1020 3
562 948 667 1010 veritus
692 966 728 1012 ne

57 1027 182 1118 paucitas
189 1050 307 1089 suorum
317 1046 510 1106 sperneretur,
520 1048 659 1088 arcessere
669 1048 730 1087 ma·

58 1127 146 1185 Jorem
156 1129 278 1169 uranum
288 1108 400 1170 natiuit.
407 1108 461 1168 Sed
472 1107 544 1167 forte
552 1108 585 1166 in
593 1107 728 1184 explora·

57 1203 128 1248 roret
140 1190 178 1248 ab
192 1207 230 1248 eo
241 1187 398 1264 praemissos
410 1186 507 1246 incidit
517 1188 634 1247 natione
645 1186 727 1248 Mar-

10 1308 12 1321 .
58 1266 119 1335 dus,
134 1268 185 1344 qui
197 1266 232 1326 ad
243 1266 466 1327 Parmenionem
475 1265 645 1343 perductus,
663 1267 729 1326 lire-

57 1365 98 1404 ras
117 1346 153 1405 ad
173 1345 375 1406 Alexandrum
397 1365 416 1405 a
436 1345 572 1422 praefecte
589 1344 728 1405 Damasci

58 1425 148 1484 missas
166 1424 260 1486 tradit
273 1424 329 1497 ei;
345 1443 396 1483 nee
414 1420 538 1483 dubitare
556 1442 617 1484 eum
632 1463 643 1492 ,
661 1421 729 1501 quin

59 1521 158 1564 omnem
181 1500 292 1583 regiam
312 1500 510 1582 supellectilem
531 1522 591 1561 cum
609 1501 729 1581 pecunia

58 1579 193 1653 traderer,
217 1581 333 1662 adjecit.
357 1580 510 1642 Parmenio
533 1580 674 1641 asservari
696 1599 728 1642 eo

58 1660 149 1739 ursio,
171 1664 270 1723 literas
286 1661 375 1739 aperit
388 1683 399 1721 t
413 1661 442 1720 in
455 1661 554 1738 quibus
564 1675 624 1720 erat
635 1659 688 1721 scri
709 1690 726 1703 -

57 1756 137 1816 tum;
154 1759 187 1802 ur
199 1744 305 1801 mature
317 1737 482 1801 Alexand-er
495 1738 613 1818 aliquem
627 1759 663 1800 ex
693 1758 728 1798 tt-

59 1818 130 1880 ribus
139 1821 203 1882 suis
215 1817 359 1889 mitteret,
377 1838 439 1879 rum
450 1837 531 1879 manu
543 1815 657 1896 exigua.
668 1818 729 1876 Ita-

58 1918 108 1976 que
125 1920 157 1961 re
177 1900 317 1982 cognita,
338 1896 471 1959 Mardum
488 1897 559 1957 daris
576 1894 732 1957 comitibus

59 1977 278 2056 adprodirorem
288 1978 416 2040 remittit.
428 1976 482 2037 Ille
494 1976 653 2039 emanibus
665 1994 731 2035 cue·

59 2058 228 2121 erudientium
236 2060 330 2137 lapsus
338 2098 350 2127 ,
367 2057 544 2118 Damascum
555 2072 622 2117 ante
630 2056 727 2116 lucem

59 2136 147 2199 intrat.
164 2137 346 2202 Turbaverat
356 2157 391 2198 ea
401 2156 444 2196 res
454 2133 653 2203 Parmenionis
662 2131 728 2191 ani·

59 2236 136 2277 mum
146 2254 158 2286 ‚
179 2216 295 2279 insidias
312 2214 463 2288 timentiss
481 2232 510 2274 er
524 2212 656 2293 ignorum
674 2211 729 2270 iter

59 2296 115 2356 tine
132 2297 205 2357 duee
222 2316 285 2357 non
301 2296 422 2357 audebat
437 2293 547 2376 ingredi
567 2313 577 2352 s
598 2288 730 2352 felicitati

61 2391 152 2437 tamen
161 2377 242 2456 regis
248 2375 292 2437 sui
301 2371 441 2443 confisus,
457 2369 582 2465 agrium
592 2412 609 2442 ,
618 2367 728 2462 quidu-

60 2471 103 2515 trs
120 2453 367 2524 remansesunt,
389 2450 483 2531 excipi
505 2450 595 2532 jussit.
615 2447 729 2528 Quibus

59 2533 185 2597 celeriter
193 2533 331 2614 repertis,
347 2548 449 2611 quarto
457 2530 503 2592 die
512 2529 547 2591 ad
556 2531 653 2619 urbem
664 2547 730 2604 per·

59 2613 152 2674 rmit:
165 2613 226 2692 jam
235 2630 380 2675 metueme
389 2612 521 2692 prefecto
529 2649 543 2681 ,
551 2629 587 2671 ne
598 2608 649 2668 sibi
659 2604 730 2695 fidet

58 2687 152 2757 tabita
163 2712 225 2758 nun
236 2711 324 2759 erret.
332 2691 421 2777 Igitur
428 2691 506 2770 quasi
515 2707 617 2770 parum
629 2702 729 2746 mum·
