1994 3632
237 266 429 339 LtBER
478 275 552 341 lv.
674 294 732 358 233

48 372 273 454 Propemodum
298 375 393 438 sarculi
416 376 511 438 resin
533 395 624 444 unum
646 370 733 440 illurn

51 456 129 516 diem
143 455 262 517 fortuna
277 456 445 518 cumulavit.
456 454 514 517 Alii
529 476 585 534 qua
599 457 732 533 brevissi·

50 551 134 595 mum
148 536 268 613 patebat
281 533 356 603 iter,
375 536 424 596 alii
437 535 562 597 diverses
575 535 681 606 saltur,
700 555 732 598 et

51 612 171 694 ignmos
178 613 362 690 sequentibus
375 615 461 679 calles
474 617 619 694 petebant.
635 612 731 693 Eques

52 693 194 771 pedesque
211 689 325 753 confusi
337 691 396 754 sine
410 693 503 767 duce,
522 692 637 757 armatis
650 693 729 756 iner-

51 790 135 842 mes,
148 772 270 851 integris
280 770 386 835 debiles
394 773 625 850 implicabantur.
634 772 731 833 Dein·

54 850 109 920 de,
127 851 327 911 misericordia
338 851 369 912 in
379 871 491 914 metum
503 866 604 921 versa,
618 851 667 928 qui
681 872 730 913 re-

72 931 101 990 ui
119 951 183 989 non
203 947 364 1008 poterant,
387 932 462 992 inter
475 948 591 1007 mutuus
606 930 732 1009 gemitus

133 1012 268 1071 ebantur.
294 1008 358 1069 Sitis
385 1011 525 1090 precipue
547 1008 681 1090 fatigatos
702 1026 733 1071 et

53 1089 167 1150 saucios
177 1090 343 1166 perurebat,
352 1090 511 1169 passimque
521 1091 653 1150 omnibus
661 1088 730 1151 riuis

54 1183 268 1246 prostreverant
300 1189 454 1248 corpora,
495 1166 730 1247 preterfluentem

54 1268 159 1325 aquam
172 1245 264 1307 hianti
274 1266 324 1307 ore
332 1265 489 1324 captantes.
497 1246 596 1326 Quam
603 1269 670 1311 cum
680 1247 730 1311 diu

53 1327 129 1389 auidi
142 1325 290 1387 turbidam
299 1325 469 1397 hausissent,
481 1327 665 1389 tendebantur
677 1346 729 1387 ex·

55 1405 167 1484 templo
174 1405 729 1486 precordiaprcnrentelime;resoluris-

56 1505 109 1563 que
127 1501 159 1546 et
175 1485 354 1556 torpentibus
371 1486 524 1555 membris,
542 1506 609 1547 cum
627 1504 730 1564 ruper-

52 1564 180 1625 .renistet
200 1563 313 1632 horris,
336 1565 420 1627 novis
438 1564 601 1629 uulneribus
618 1564 729 1625 excita·

57 1645 168 1704 mutue.
181 1641 310 1720 Quidam
319 1683 330 1713 ,
340 1646 482 1724 occupatis
491 1641 629 1723 proximis
638 1642 705 1704 riuis
716 1682 730 1711 ,

52 1722 229 1783 <dirmetum
245 1723 358 1802 longius
373 1764 384 1793 ,
399 1742 451 1794 ut,
472 1722 606 1802 quidquid
622 1721 730 1782 occulti

55 1800 188 1864 humeris
194 1823 313 1878 usquam
323 1821 467 1871 manaret,
480 1802 655 1878 exciperent.
664 1799 730 1860 Nec

52 1882 110 1943 ulla
127 1882 208 1945 adeo
224 1881 288 1940 avia
304 1894 333 1942 et
351 1883 424 1943 sicca
442 1882 544 1942 lacum
558 1895 645 1947 erat,
668 1898 731 1956 quae
762 1912 764 1915 ·

55 1961 259 2043 vestigantium
269 1959 506 2024 sitimfalleretAE
531 1957 729 2021 reximisvero

55 2039 144 2103 itineri
163 2038 239 2101 uicis
256 2060 356 2114 aeuum
368 2042 489 2103 ululatus
529 2039 729 2116 minarumque

54 2121 300 2188 exaudiebantur,
316 2123 437 2180 barbaro
446 2115 731 2180 riruDariumadhuc

56 2218 144 2280 regem
164 2198 369 2259 clamantium.
388 2197 551 2259 Alexander
564 2235 578 2264 ‚
597 2212 632 2256 ut
647 2214 731 2334 safra·

52 2278 159 2341 dictum
179 2297 242 2346 est,
257 2277 382 2337 inhibito
395 2298 511 2341 suorum
529 2293 611 2337 cursu
623 2273 658 2335 ad
697 2276 733 2352 γ’·

54 2376 118 2419 cum
129 2378 254 2421 amnem
271 2374 437 2432 pervenerat
448 2379 459 2429 ;
471 2357 523 2416 ubi
538 2357 638 2435 ingens
650 2353 730 2416 mul·

49 2436 143 2499 -n'rudo
157 2435 335 2518 fitgientium
354 2453 522 2496 oneraverat
539 2452 681 2512 pontem,
699 2450 730 2497 et

55 2517 201 2595 plerique,
217 2535 286 2579 curu
296 2513 386 2575 hostie
395 2530 523 2596 urgeret,
535 2513 564 2573 in
579 2508 686 2574 flumen
697 2532 727 2575 re
753 2550 756 2557 .

55 2595 320 2675 praecipitaverant,
334 2612 492 2674 gravesque
500 2594 603 2662 armis,
620 2609 648 2653 et
658 2613 728 2670 pra·

55 2672 94 2737 liu
104 2696 138 2741 ac
148 2674 222 2756 fuga
234 2672 380 2755 defatigati
393 2674 548 2757 gurgitibus
558 2671 730 2751 hauriebang

595 2766 629 2845 V
