1958 3630
230 315 419 383 unncn
468 320 569 385 un·
661 318 719 403 3„

37 410 98 505 ega
106 410 249 483 Cebalino
262 419 374 500 magis,
391 437 469 498 qnam
481 418 601 484 Philotae
613 418 644 482 id
652 441 722 483 con·

35 502 145 565 uenire
154 496 266 635 quorem.
277 496 425 560 Faventem
436 498 520 559 daber
530 499 652 579 judicem
663 539 673 571 ,
694 499 723 560 si

43 579 115 661 quod
135 600 153 637 a
174 575 249 636 mitti
266 598 320 638 nan
340 577 482 657 oportuit,
507 579 605 639 saitem
625 598 659 638 ne
679 578 721 640 ari

39 674 149 740 potest·
161 655 209 715 Ad
221 656 412 718 hooPhilotas
422 656 494 718 haud
505 674 570 719 rane
579 599 721 734 trepidis,

34 740 66 799 'si
88 737 207 797 animus
230 737 310 797 vultu
330 737 533 806 estimaretur,
559 734 721 797 Cebalinum

43 813 157 896 quidem
177 814 262 874 scorti
280 829 430 875 sermonem
451 812 488 873 ad
506 834 537 873 se
555 812 687 893 detulitre
709 834 721 887 ,·

44 894 96 956 sed
115 892 210 973 ipsum
221 909 276 953 tam
292 891 346 953 levi
359 891 464 954 auctori
480 890 552 952 nihil
569 889 722 954 credidisse

45 971 217 1050 respondit3
234 972 370 1042 ueritum,
388 991 423 1031 ne
431 970 553 1051 jurgium
563 970 635 1031 inter
645 989 725 1031 ama·

46 1068 133 1113 torem
151 1068 180 1109 et
195 1048 351 1119 exoletum,
369 1072 423 1111 non
437 1049 499 1109 sine
514 1049 573 1110 risu
583 1048 721 1119 aliorum,

46 1127 211 1190 detulisset.
230 1127 299 1190 Cum
309 1131 435 1210 Dymnus
449 1128 621 1189 interemerit
631 1146 663 1189 se
680 1127 724 1210 ip·

46 1229 131 1277 turn,
153 1206 361 1287 qualiacumque
381 1224 478 1278 erant,
500 1228 553 1266 non
561 1205 658 1283 fuisse
673 1226 720 1267 re·

48 1283 720 1367 ricenda.Complenncqneregemorarecapit,

48 1383 76 1426 ut
89 1363 263 1445 praeteritam
277 1365 363 1428 uitam
399 1365 471 1426 otius
485 1368 569 1444 'quam
587 1364 693 1446 cuipam
707 1407 719 1437 ,

49 1441 159 1504 silentii
172 1460 285 1513 tamen,
301 1386 432 1522 nondicti
444 1442 546 1523 uilius,
560 1442 724 1511 intueretur.

50 1522 135 1584 Hand
148 1522 233 1584 facile
248 1524 387 1594 dixerim,
407 1522 589 1585 credideritne
605 1524 631 1582 ei
647 1538 721 1597 ten,

50 1623 83 1663 an
94 1603 182 1663 altius
192 1602 263 1662 iram
275 1604 471 1681 suppresserit3
482 1601 609 1661 dextram
619 1621 722 1662 recon-

48 1683 151 1759 ciliata
170 1683 268 1762 'gratia
285 1685 386 1764 pignus
403 1681 527 1753 obtulit3
548 1699 576 1740 et
597 1697 720 1740 contem·

50 1776 104 1819 tuni
125 1759 240 1897 megbis,
266 1780 345 1838 quam
365 1758 481 1822 celatum
504 1757 638 1819 indicium
657 1776 720 1819 este

49 1836 138 1900 uideri
151 1858 178 1897 st
199 1841 209 1897 i
223 1839 304 1902 dixit.

88 1917 180 1980 cte.
193 1914 296 1981 VIII.
314 1913 466 1979 Advocato
482 1932 578 1976 tamen
597 1913 720 1976 coneilio

51 1996 231 2067 amicorum,
244 1998 290 2057 cui
301 2016 363 2058 tum
372 1996 499 2057 Philotas
510 1994 647 2056 adhibitus
657 2014 719 2055 non
748 2037 750 2041 .

52 2093 116 2145 est,
143 2074 348 2136 Nicomachum
366 2073 501 2135 introduci
520 2075 609 2155 jubet.
626 2074 652 2133 Is
668 2094 721 2134 ea·

49 2153 137 2222 dem,
154 2174 217 2231 quae
227 2155 365 2217 detulerat
374 2155 408 2213 ad
419 2173 539 2234 regem,
558 2151 657 2210 ordine
667 2171 721 2210 ex·

51 2234 157 2309 posuit.
167 2232 236 2294 Erat
248 2233 383 2296 Craterus
393 2252 422 2293 te
444 2230 585 2291 icarusin
602 2231 720 2305 paneis,

53 2328 82 2369 et
99 2332 136 2371 eo
156 2310 275 2373 Philotae
293 2315 331 2373 ob
350 2251 562 2372 aemtrirtionem
578 2306 721 2390 dignitatis

51 2388 195 2451 adversus.
206 2390 308 2468 Neque
317 2392 465 2470 ignorabat
475 2388 486 2458 ι,
506 2406 576 2465 saepe
587 2388 720 2448 Alexan·

51 2467 94 2527 dri
109 2468 221 2530 autibtn
236 2472 326 2530 nimia
344 2470 495 2546 jactatione
509 2466 618 2528 virtutis
635 2484 720 2544 atque

41 2562 145 2624 *operae
155 2566 271 2628 gravem
283 2548 365 2609 inisse
379 2569 388 2609 e
401 2565 430 2609 et
441 2547 478 2606 ob
489 2565 521 2605 ea
533 2564 592 2606 non
603 2545 719 2623 quidem
814 2570 818 2573 ·

52 2625 240 2694 sceleris,sed
249 2627 433 2689 contumaciae
442 2643 538 2687 tamen
548 2626 721 2707 suspeetutn·

52 2701 127 2766 Non
143 2704 232 2770 utiam
247 2706 394 2787 premendi
409 2704 519 2768 inimIci
536 2705 723 2783 occasionem
