1962 3632
274 318 328 369 174
438 289 491 370 ‚Q.
530 288 765 353 curura
829 238 831 241 ¹

268 391 385 471 quidem
392 391 457 455 Diis
466 392 586 454 minime
594 388 674 453 cardi
682 409 743 453 esse
752 383 938 456 crediderim,

269 471 367 534 multis
383 472 483 534 seculis
498 471 689 532 intermissurus
705 467 851 545 repetendi
869 486 937 525 auc·

268 571 345 614 tores
357 551 473 630 quidam
489 569 570 611 erant
584 569 597 622 u
612 566 642 608 ru
657 547 792 627 ingenuus
808 564 876 625 puer
885 540 938 603 Su·

268 649 348 693 turno
359 629 562 692 immolaretur:
572 626 648 706 quod
658 625 838 707 sacrilegium
848 623 936 685 verius

267 733 355 788 quam
366 732 499 780 acrum,
520 706 756 789 Carthaginenses
769 725 788 763 a
805 703 936 763 condito-

183 791 187 807 *
267 791 344 851 'ribus
364 790 519 860 traditum,
538 806 627 866 usque
646 786 681 857 ad
702 784 847 846 excidium
865 782 936 843 urbis

269 885 325 931 sua
338 869 438 930 fecisse
449 869 589 931 dicuntur.
600 865 646 927 Ao
657 865 711 927 nisi
722 863 856 924 Seniores
872 863 935 920 obs·

267 950 409 1019 titissant,
428 969 552 1027 quorum
562 945 686 1008 consilio
699 960 800 1005 cuncta
812 943 934 1033 ageban-

260 1049 336 1098 uur,
351 1026 557 1089 humanitatem
569 1026 628 1087 dira
643 1023 801 1102 superstitio
815 1021 933 1083 vrcuset.

267 1108 428 1176 Caenina,
447 1104 593 1173 efficacior
610 1103 691 1164 omni
707 1119 766 1162 arte
785 1101 933 1160 imminens

265 1186 416 1246 necessitas
430 1206 490 1246 non
504 1185 605 1246 usitata
618 1182 708 1244 modo
723 1179 872 1259 praesidia,
891 1176 933 1238 sed

267 1265 395 1342 quadam
401 1265 490 1327 eriam
500 1285 577 1328 noua
586 1263 745 1325 admonuit.
759 1260 893 1335 Namque
901 1256 933 1316 ad

266 1344 440 1421 implicanda
454 1345 589 1424 nauigia,
605 1363 666 1420 qua
679 1361 777 1403 muros
789 1339 933 1404 subibant,

258 1422 368 1484 ualidis
390 1425 525 1484 asseribus
546 1444 649 1484 corvos
667 1440 696 1482 et
716 1421 821 1483 ferreas
839 1434 933 1478 manus

265 1522 335 1563 euru
342 1503 423 1563 uncis
430 1525 464 1564 ao
471 1502 589 1564 fadeibus
596 1498 795 1582 illigaverunts
807 1514 860 1566 ut,
871 1517 933 1557 curu

258 1598 414 1642 ‘tormento
427 1603 530 1642 asseres
542 1580 771 1660 promovissent,
789 1577 882 1639 subito
892 1578 933 1636 lu·

259 1661 471 1723 susisaniana
491 1661 651 1740 injicerent.
673 1658 754 1721 Unci
773 1676 888 1733 quoque
907 1670 933 1716 et

198 1814 203 1818 .
266 1741 353 1800 falses
364 1759 400 1800 ex
411 1740 511 1800 iisdem
522 1741 657 1800 asseribus
668 1736 856 1815 dependentes
868 1775 878 1804 ,
889 1753 934 1795 aut

259 1839 507 1901 propugnatores,
517 1838 565 1880 aur
576 1819 634 1896 ipsa
642 1817 755 1899 navigia
764 1817 933 1876 lacerabant.

259 1898 394 1975 'Clypeoa
405 1918 475 1961 vero
488 1920 579 1960 aeneos
590 1899 682 1959 multo
693 1897 759 1976 igne
771 1896 931 1962 torrebant,

259 1997 338 2053 quos
352 1977 592 2055 repletosfervida
605 1997 713 2044 arena,
734 1994 877 2050 caenoque
886 1974 932 2033 de·

263 2073 374 2124 rouro,
394 2075 411 2117 e
433 2057 521 2117 muris
541 2056 633 2117 'subito
652 2055 856 2117 devolvebant.
874 2054 933 2114 Nec

260 2134 327 2195 ulia
336 2134 420 2214 pestis
431 2137 522 2218 magis
533 2136 703 2206 timebatur,
719 2134 822 2211 quippe
832 2135 882 2193 ubi
893 2134 933 2192 lo-

265 2216 356 2276 ricam
372 2236 531 2293 corpusque
541 2214 652 2276 fervens
668 2222 753 2275 arena
767 2229 932 2290 penetrave-

259 2310 329 2362 -rat,
342 2312 396 2354 nec
406 2296 465 2354 uda
476 2296 505 2356 ni
514 2294 611 2355 excuti
621 2310 750 2373 poterat,
763 2310 793 2352 et
804 2287 931 2370 quidquid

265 2371 418 2462 attigerat,
437 2374 586 2452 perurebat
598 2396 609 2447 ς
622 2374 812 2465 jacientesque
836 2391 929 2436 armas

260 2450 394 2511 iaceratts
406 2453 554 2521 omnibus,
564 2454 662 2530 quibus
671 2458 783 2534 protegi
792 2465 931 2528 poterant,

263 2529 427 2590 uulneribus
443 2531 525 2593 inulti
542 2536 676 2610 patebant
692 2555 702 2605 3
720 2531 802 2595 corvi
819 2551 892 2594 vero
907 2542 932 2587 et

261 2609 476 2751 derregaglnanus
490 2612 640 2674 tormentis
661 2611 770 2673 emissae
783 2610 930 2689 plerosque

261 2709 341 2768 rapae
397 2705 420 2752 t.

754 2838 761 2865 k
