1936 3644
232 302 302 386 ‘408‘
417 309 462 390 Q.
502 306 746 374 CURTII

233 414 294 492 ejus
311 407 415 506 offerre
423 409 556 493 possim?
572 411 687 475 Etcum
705 411 770 472 finis
782 409 914 504 lacrymis

232 494 410 571 querelisque
430 511 490 552 non
512 490 594 554 fieret
611 514 621 565 3
652 492 727 569 iussu
748 513 911 553 amicorum

229 590 334 650 corpus
346 572 475 635 ablatum
487 589 538 637 est,
551 573 615 632 Rex
625 572 749 631 triduum
760 572 854 643 iacuit
864 571 909 629 in·

229 652 334 713 clusus.
348 650 448 730 Quem
459 667 491 712 ut
502 651 634 732 armigeri
646 651 837 730 corporisque
848 671 908 712 cus·
961 684 962 733 3

230 732 313 793 rodes
336 731 372 792 ad
389 731 571 791 moriendum
588 730 762 790 obstinatum
780 751 843 792 esse
861 751 910 790 co·
961 736 962 741 ’

232 826 417 893 gnoverunt3
437 810 559 872 universi
578 810 610 869 in
634 812 855 871 tabernaculum
875 809 911 868 ir·

230 889 734 970 rumpunt,diuqueprecibuseorum
742 892 910 950 reluctatum
961 932 962 961 ,

231 991 305 1051 aegre
321 971 470 1039 vicerunt,
486 988 518 1029 ut
534 969 633 1040 cibum
640 986 766 1046 caperer.
786 967 910 1045 Quoque
961 970 962 1019 i

230 1050 421 1111 minus'caedis
432 1048 567 1127 puderet,
581 1047 646 1125 jure
659 1045 839 1124 interfectum
851 1045 910 1108 Cli·
961 1024 962 1109 i

230 1145 289 1190 tum
304 1129 476 1189 Macedones
486 1128 663 1198 decernunt,
682 1128 829 1206 sepultura
839 1147 911 1205 quo·
961 1114 962 1195 i

229 1226 285 1286 que
308 1207 500 1285 prohibituri,
522 1208 553 1265 ni
572 1227 624 1267 rex
645 1205 755 1267 humari
780 1207 914 1284 jussisset.
961 1200 962 1247 i

228 1287 321 1368 Igitur
330 1287 430 1347 decem
441 1287 538 1348 diebus
547 1286 674 1347 maxime
685 1286 720 1346 a'd
730 1287 910 1347 confirman-

229 1367 300 1427 dum
313 1366 453 1444 pudorem
464 1367 538 1444 apud
549 1365 721 1426 Maracanda
731 1366 889 1428 consumtis
899 1383 909 1437 ς

228 1466 299 1509 cum
317 1463 395 1524 parte
408 1446 546 1506 exercitus
557 1444 795 1523 Hephaestionem
814 1445 846 1506 in
866 1463 908 1504 re-

228 1525 350 1666 pionem
364 1525 545 1586 Bactrianam
563 1525 662 1596 misit,
687 1545 869 1588 commeatus
883 1523 911 1582 in

251 1605 358 1666 iemem
383 1621 559 1683 paraturum.
586 1602 687 1683 Quam
710 1603 795 1665 Clito
819 1621 910 1666 autern

170 1710 174 1715 ·
229 1685 420 1761 destinaverat
435 1682 616 1762 provinciam
633 1726 644 1754 ,
663 1685 801 1762 Amyntae
819 1683 909 1745 dedita

231 1763 292 1842 ipse
304 1763 439 1843 Xenippa
448 1763 590 1842 pervenit.
604 1762 724 1841 Scythia
736 1764 862 1825 confinis
872 1775 910 1822 est

229 1845 331 1926 regio,
347 1844 544 1921 habitaturque
559 1844 686 1920 pluribus
703 1863 737 1903 at
751 1841 908 1922 frequenti·

229 1924 282 1983 hus
293 1922 383 1993 vicis,
401 1923 467 2002 quia
475 1924 588 1984 ubertas
598 1938 677 1984 terre
689 1942 751 1982 non
763 1924 908 2007 indigenas

229 2002 320 2062 modo
339 2003 464 2075 detinet;
481 2002 631 2063 sedetiam
654 2004 776 2064 advenas
801 2005 906 2066 inritat.

229 2081 446 2142 Bactrianorum
464 2082 606 2152 exulum,
627 2083 675 2160 qui
693 2084 729 2142 ab
747 2081 906 2145 Alexandro

229 2159 410 2230 defecerant,
426 2161 639 2238 receptaculum
649 2162 753 2224 fuerat.
767 2162 825 2224 Sed
836 2178 911 2242 post·

229 2258 319 2319 quarn
337 2241 449 2320 Regem
467 2240 618 2301 adventare
638 2259 823 2319 compertum
842 2260 909 2312 errr
961 2260 962 2275 ¹

229 2320 304 2398 pulsi
322 2322 356 2378 ab
379 2319 483 2380 incolis
501 2338 534 2379 11
552 2320 644 2381 millia
668 2321 727 2381 fere
750 2340 780 2382 et
795 2321 908 2383 ducenti

229 2414 455 2478 congregantur·
463 2397 578 2460 Omnes
589 2399 696 2477 equites
707 2418 808 2471 erant,
824 2400 909 2462 etiam

230 2475 262 2538 in
278 2478 515 2555 pacelatrociniis
525 2479 637 2542 assueti.
653 2480 733 2541 Tum
743 2481 855 2541 ferocia
867 2481 912 2540 in·

230 2558 316 2639 genia
330 2577 391 2618 non
400 2559 509 2619 bellurn
525 2559 634 2631 m0d03
654 2559 700 2621 sed
719 2561 908 2622 etiamveniae

234 2637 394 2716 desperatio
404 2636 578 2702 efferaverat.
594 2640 692 2716 Itaque
707 2640 910 2719 eximproviro
961 2640 962 2693 ἶ

231 2713 324 2786 adorti
334 2722 495 2800 Amyntam
503 2716 656 2799 pretorem
665 2718 845 2788 Alexandri,
863 2719 906 2781 diu

811 2837 911 2898 anceps
