1936 3644
250 281 309 353 με
430 272 473 355 Q.
512 262 757 337 currit

245 368 913 459 pronuntiarijussiripsum‚omnia‚quaomiste

246 475 364 527 essent,
384 455 563 517 redditurum
578 456 613 515 Er
628 455 770 533 promisso
784 454 852 516 fides
865 476 911 517 ex·

201 582 203 589 1
245 536 314 598 ritit.
334 535 701 612 NamSysimithresrnuira
721 534 870 613 jumenta,
887 554 911 596 et

245 617 425 678 camelorum
435 616 495 675 duo
503 615 595 674 millia
605 614 741 682 adduxit,
758 634 910 691 pecoraque

246 712 276 756 et
288 713 415 756 armenta
433 718 441 756 t
460 716 521 771 quae
531 695 674 754 distributa
684 694 788 769 pariter
798 695 912 755 militem

147 786 148 793 ’
241 792 276 836 et
292 776 399 836 damno
415 793 443 834 et
461 775 536 834 fame
551 774 753 833 liberaverunt.
771 773 836 834 Rex
851 794 910 853 grue

246 853 317 914 eiam
339 852 394 914 sibi
413 851 528 912 relatam
548 873 566 911 a
585 849 749 932 &sinistre
768 853 908 928 profanu,
961 918 962 925 q

245 932 411 993 studitarum
423 951 500 992 cocta
510 927 700 1005 riburioferre
711 928 817 990 milites
830 930 909 1011 jussit,
961 946 962 951 ’

245 1011 332 1073 Sacas
342 1030 450 1090 petens.
461 1011 570 1071 Totam
584 1008 657 1069 hanc
669 1009 821 1089 regionem
832 1012 910 1088 depo·

266 1094 379 1159 ulatur,
402 1110 480 1150 xxx
499 1089 592 1150 millia
612 1108 748 1166 pecorum
767 1109 806 1150 ex
826 1091 909 1167 preb
961 1110 962 1117 ¹

245 1111 407 1247 §psimithri
424 1169 502 1229 dono
517 1169 573 1230 dan
591 1168 659 1229 Inde
676 1168 808 1245 pervenit
821 1169 852 1228 in
868 1189 908 1231 rt-
961 1196 962 1201 ¹

244 1250 363 1331 gionem
381 1287 392 1318 ,
411 1248 457 1309 cui
475 1246 649 1309 cohortans
667 1266 790 1324 satrapes
812 1250 909 1310 nobilis

244 1347 381 1406 praeerat,
400 1329 447 1404 qui
459 1346 488 1386 se
497 1329 569 1418 regis
578 1326 709 1403 potestati
719 1325 908 1407 fideiqueper·
936 1397 941 1409 ,
961 1334 962 1337 ’

243 1407 340 1470 misin-
354 1409 408 1468 llle
421 1406 545 1485 irnperio
561 1406 589 1466 ei
604 1405 736 1477 reddito,
756 1406 830 1468 haud
849 1431 908 1469 anu·

242 1485 317 1565 plius
334 1506 422 1566 quarn
438 1504 469 1547 ut
487 1484 540 1545 duo
559 1505 595 1546 ex
619 1483 709 1546 tribus
719 1481 800 1564 filiis
821 1506 909 1548 return

239 1563 417 1637 militarent,
439 1567 545 1646 exegit.
566 1565 695 1643 Satrapes
713 1565 803 1625 etiam
822 1586 908 1636 eum,

241 1645 290 1721 qui
318 1664 406 1725 penes
432 1645 525 1725 ipsurn
549 1646 789 1720 relinquebatur,
817 1646 909 1708 tradit.

241 1723 363 1786 Barbara
380 1725 524 1806 opulentia
536 1724 721 1794 conuiuium,
740 1745 799 1801 quo
814 1744 908 1807 regern

199 1805 204 1814 “
239 1804 417 1885 accipiebat,
432 1806 611 1866 instruxerat.
621 1805 652 1863 Id
668 1824 736 1879 cum
752 1806 843 1865 muita
857 1826 907 1866 co·

240 1885 340 1947 mirare
357 1886 531 1953 celebraret,
553 1880 689 1944 introduci
707 1901 783 1943 xxx
805 1882 907 1944 nobiles

240 1962 366 2041 uirgines
381 1964 468 2042 jussit.
483 1964 560 2023 Inter
574 1984 641 2039 quas
655 1977 715 2022 erat
727 1961 906 2041 filiaipsius‚

238 2037 358 2101 Roxane
374 2045 512 2112 nomine,
530 2043 636 2102 eximia
651 2043 779 2118 corporis
793 2044 906 2121 specie,

239 2138 269 2181 et
290 2120 393 2182 decore
408 2120 518 2182 habitus
537 2121 569 2180 in
592 2120 714 2181 barbaris
736 2141 814 2184 raro.
836 2120 906 2199 Quae

237 2220 399 2279 quanquam
413 2201 487 2261 inter
500 2202 604 2262 electas
622 2218 821 2275 processerat,
844 2222 907 2260 orn·
960 2232 961 2283 4

237 2279 320 2338 nium
336 2297 433 2339 tamen
450 2281 550 2340 oculos
564 2280 705 2339 convertit
716 2278 746 2337 in
762 2300 792 2339 se
809 2303 820 2354 ς
844 2301 906 2340 ma·

236 2357 316 2418 xime
333 2359 425 2439 regis,
442 2360 535 2419 minus
553 2359 610 2433 iarn
633 2357 832 2434 cupiditatibus
854 2359 907 2419 suis

234 2435 400 2514 imperantis
412 2436 485 2497 inter
499 2438 633 2514 obsequia
648 2438 788 2507 fortunar,
808 2456 906 2498 contra

234 2535 320 2592 quam
335 2536 395 2575 non
405 2517 560 2579 sariscauta
573 2516 730 2576 mortalitas
739 2534 791 2577 est.
809 2519 905 2594 ltaque

232 2593 304 2666 isse,
320 2596 368 2674 qui
378 2616 500 2656 uxorem
511 2595 610 2663 Darii,
623 2596 673 2673 qui
685 2595 754 2655 duas
763 2596 835 2656 filias
848 2598 904 2657 vir·

232 2675 331 2769 pines,
346 2676 447 2755 quibua
456 2675 548 2741 forma
561 2692 662 2756 preter
669 2675 811 2739 Roxanen
821 2696 903 2739 corn·
