2002 3636
264 248 298 303 ss
365 240 403 293 a·
427 227 620 293 anurnsu.
654 237 845 315 suatur-:nn

264 343 400 382 mentatum
419 328 513 387 misso,
537 326 659 391 comperit
678 343 733 379 saror
752 329 777 378 in
797 324 955 380 discrimine

263 400 384 462 φωτινὴ
401 394 490 461 quippe
504 395 622 446 Glaucias
635 395 714 444 colles
728 409 816 455 campo
830 391 954 444 circum-

264 467 338 514 datos
356 479 540 528 occupaverat,
554 462 752 515 inoccasionem
771 464 883 526 gerenda
906 462 951 514 rei

264 532 384 583 intentus.
400 532 480 599 Igitur
493 534 609 583 adversus
624 530 805 607 oppidanorum
822 527 952 592 eruptio·-

266 615 322 649 nem
337 615 406 664 parte
420 599 541 650 exercitus
555 599 581 649 in
597 614 683 650 castris
696 599 802 656 relicta,
821 612 878 647 cum
898 614 949 650 ce-

265 666 325 717 teris
346 667 426 730 copiis
447 667 552 732 impigre
571 670 697 731 profectus
715 682 753 717 est
770 685 778 726 3
794 664 951 729 territisque

265 734 377 801 Illyriis,
394 751 451 784 suos
470 733 564 798 recepit
581 734 728 784 incolumes.
750 738 867 785 Ceterum
890 732 951 783 iter

210 833 212 837 .
265 806 364 852 facturo
384 802 514 852 marimum
535 802 673 865 periculum
693 799 846 851 imminebat.
868 800 950 850 Hinc

263 870 366 929 flumen,
373 868 431 920 inde
439 869 554 935 prorupti
560 868 677 934 arduique
688 870 766 918 colles
775 867 841 920 viam
851 882 953 918 coarc-

263 939 351 988 tabant
366 973 375 995 ,
390 938 480 987 relicto
494 937 583 987 itinere
598 972 607 996 ‚
628 937 695 1001 quod
710 936 794 986 multis
809 933 876 984 locis
894 934 948 986 vire

266 1021 399 1070 quaternos
410 1019 518 1054 armatos
530 1020 628 1068 caperet
641 1021 649 1054 z
663 1003 784 1054 montium
799 1000 864 1066 iugis
880 1002 950 1052 cli-

183 1078 203 1120 .'
266 1086 307 1122 tus
321 1087 394 1135 atque
411 1071 528 1121 Glaucias
543 1069 725 1137 sagittariorum
741 1085 767 1120 et
781 1068 951 1120 funditorum

266 1141 384 1189 cohortes
405 1154 567 1205 magnamque
587 1137 669 1204 gravis
691 1152 815 1187 armatura
837 1151 950 1188 manum

266 1207 444 1270 imposuerant.
459 1206 602 1256 Alexander
617 1203 729 1256 ducentis
742 1203 865 1269 equitibus
880 1219 950 1255 ante

267 1289 396 1337 utrumque
417 1273 545 1338 phalangis
565 1289 646 1322 tornu-
665 1270 816 1331 collocatis,
831 1272 952 1334 imperat

266 1358 295 1393 arr
305 1343 424 1409 erigerent
435 1343 517 1392 latras
527 1361 538 1403 ,·
547 1358 603 1393 mort
616 1343 754 1407 rigaudam
767 1356 852 1391 versus
862 1340 953 1393 hostes

267 1409 627 1476 tamqunmimprtumfartari,
639 1410 740 1472 infestas
748 1409 950 1474 protenderent,-

268 1479 338 1527 modo
355 1478 381 1525 in
398 1477 526 1532 dextrum,
542 1476 610 1527 modo
627 1477 653 1525 iu
666 1476 795 1526 sinistrum
811 1478 880 1526 latus
901 1478 953 1525 irr-

266 1546 344 1595 sicem
351 1545 470 1594 converri.
481 1541 604 1606 Suspensis
614 1556 646 1591 eo
658 1556 799 1592 commento
808 1539 952 1601 hostibus,

266 1610 413 1674 phalangem
432 1608 521 1672 raptim
546 1625 701 1686 progressam
721 1623 785 1659 nunc
807 1606 833 1656 in
856 1608 951 1671 plures

267 1677 334 1727 acies
348 1674 460 1733 diducit,
475 1692 539 1726 nuno
555 1674 659 1726 divisam
675 1675 776 1741 colligit
790 1692 798 1735 3
813 1676 845 1724 ad
858 1691 952 1727 extre-

267 1759 334 1794 mum
352 1759 430 1793 cuneo
447 1747 531 1802 facto,
548 1743 574 1793 in
589 1743 650 1795 leva
667 1744 810 1809 lllyriorum
825 1742 950 1805 presidia

265 1826 365 1862 tuente
380 1810 467 1863 infert.
479 1811 522 1862 Illi
539 1810 667 1862 celeritate
680 1827 705 1862 et
718 1810 806 1876 peritia
816 1812 951 1862 Macedo-

265 1892 325 1928 num
341 1879 367 1926 in
382 1892 507 1942 stuporem
520 1878 604 1937 versi,
620 1878 723 1930 desertis
736 1894 797 1943 quos
810 1892 952 1931 tenuerant

265 1944 411 2000 montibus,
428 1961 511 1995 uersus
524 1948 610 1996 urbem
625 1949 775 2010 refugerunt.
792 1944 867 1994 Pauci
887 1963 951 1997 res-

207 2052 212 2061 .
258 2010 370 2062 titerant
386 2010 411 2059 in
428 2010 498 2062 edito
515 2013 600 2071 colle,
615 2032 662 2079 qua
675 2015 721 2074 iarn
735 2011 866 2063 transierat
883 2015 952 2065 Ma·

265 2081 389 2130 redonum
404 2095 492 2156 agmen
509 2098 515 2130 ε
531 2080 562 2129 iis
576 2079 696 2142 dejectis,
710 2080 853 2130 Alexander
871 2081 949 2132 duo-

265 2148 312 2198 bus
326 2151 378 2196 fere
394 2147 505 2197 nullibus
517 2146 685 2213 Agrianormu
702 2145 947 2214 sagittariorumque

261 2215 353 2264 'locum
368 2213 452 2276 capit3
466 2213 599 2280 phalangi,
614 2232 686 2280 quam
701 2215 793 2265 flumen
807 2217 949 2269 transmit-

265 2296 320 2331 tere
329 2282 447 2343 jusserat,
461 2280 574 2343 prasidio
584 2285 689 2332 futurus.
699 2285 733 2333 Ea
746 2298 773 2333 re
786 2295 948 2346 conspecta-,¹

259 2348 381 2408 'universa
396 2347 504 2398 hostium
524 2349 659 2400 multitudo
676 2348 725 2400 iter
740 2350 772 2400 ad
787 2364 888 2401 montes
905 2369 950 2403 ar·

267 2414 346 2479 ripuit
354 2437 366 2480 ,-
381 2431 413 2464 eo
430 2414 555 2475 consilio,
573 2432 600 2467 ut
616 2419 748 2479 transjecta
764 2416 835 2484 gravi
855 2434 947 2470 arma-

267 2497 339 2541 tura,
356 2497 489 2533 extremum
506 2500 609 2548 agmen,
627 2486 653 2533 in
666 2485 780 2549 quoipse
791 2501 834 2534 rex
847 2487 950 2538 transi·

265 2565 426 2608 sumserat,
447 2551 610 2602 adorirentur.
628 2552 676 2600 llle
690 2550 753 2603 nihil
771 2552 874 2604 territus
895 2573 948 2607 ve·-

261 2619 364 2670 arientes
378 2616 478 2667 fortiter
491 2618 586 2681 excipit
603 2636 609 2668 t
625 2617 698 2667 simul
713 2620 818 2683 phalanx
833 2621 945 2674 sublato

261 2689 392 2758 wore,
407 2683 474 2758 quasi
483 2683 575 2738 iterum
587 2684 729 2741 transmisso
743 2703 813 2742 amne
823 2688 945 2742 subsidio

890 2774 951 2812 suto
