1968 3636
229 338 463 418 ttaan
501 344 546 413 x:
673 351 738 422 aaa

37 555 39 559 «
64 475 740 639 {ammutuattttettt

96 650 327 731 ,LIBER
366 656 687 728 DECIMUS.

232 820 495 931 cnPUT
556 819 583 883 1.

75 986 109 1157 l
126 1013 223 1060 tenant
235 1000 294 1061 sere
304 998 403 1062 diebut
413 997 555 1061 Cleander
564 1015 596 1057 et
607 991 743 1065 Sitalcett

124 1094 152 1138 et
180 1099 248 1140 cum
269 1078 423 1159 Agathone
444 1079 581 1138 Heracon
606 1093 743 1152 superue-

65 1161 176 1226 niunt,
192 1160 240 1234 qui
254 1157 476 1220 Parmenionem
486 1157 560 1226 iustu
571 1153 645 1234 regit
657 1152 739 1213 occi·-

66 1234 190 1308 ·derant;
207 1236 435 1314 quinquemillia
447 1236 574 1314 peditum
583 1254 651 1295 cum
660 1229 743 1307 equi·

75 1313 146 1403 tibus
161 1317 254 1377 mille.
270 1314 325 1375 Sed
343 1332 371 1375 ct
387 1333 563 1377 accusatores
579 1330 657 1374 eoae
672 1328 742 1388 pto-

74 1393 186 1462 vtncia,
203 1395 250 1455 cui
261 1393 446 1470 praefuerant,
465 1395 673 1470 sequebantutt
687 1406 742 1449 noc

76 1471 743 1550 totfacinora‚quotadmiserant‚compensare
789 1496 790 1500 ,

73 1565 200 1625 poterant
211 1550 294 1612 caedis
312 1571 447 1629 perquam
466 1568 551 1631 gratae
562 1549 622 1629 regi
639 1545 741 1605 minit-

75 1628 156 1690 terio.
172 1629 292 1708 Quippe
303 1651 368 1690 cum
384 1632 481 1690 omnia
492 1628 610 1706 profana
625 1624 744 1704 spoliat-

68 1725 152 1782 *tenta
173 1730 209 1771 ne
221 1710 306 1770 sactis
323 1709 436 1787 quidem
452 1709 640 1769 abstinuerant
656 1726 665 1764 e
683 1703 744 1764 vin·

72 1786 205 1866 ginctque
231 1805 262 1847 et
286 1788 425 1866 principes
453 1787 625 1847 feminarum
650 1801 743 1859 stupra

70 1878 204 1942 perpessa
216 1884 370 1942 corporum
388 1865 506 1927 ludibria
523 1863 672 1924 dedebant.
690 1863 741 1920 lnt-

69 1943 163 2005 ¹uisum
178 1946 373 2006 Macedonum
388 1962 495 2015 nomen
511 1942 628 2004 avaritia
639 1960 742 2002 eorum

67 2037 107 2082 'ac
117 2023 204 2095 libido
219 2025 342 2084 barbaris
356 2024 471 2085 fecerat.
486 2024 564 2083 Inter
578 2038 679 2080 omnes
687 2035 743 2079 πω-

73 2119 139 2160 men
149 2104 292 2164 eminebat
302 2102 437 2162 Cleandri
445 2104 541 2168 furor,
555 2100 602 2175 qui
612 2098 742 2158 nobilem

74 2179 211 2258 virginem
222 2197 433 2258 constupratam
449 2200 531 2242 servo
543 2197 596 2236 tuo
606 2176 742 2253 pellicem

72 2256 195 2322 dederat.
207 2260 338 2337 Plerique
350 2260 508 2333 amicorum
517 2254 672 2317 Alexandri
680 2272 743 2313 non

72 2350 131 2403 tam
145 2340 318 2406 criminum,
336 2343 396 2416 quae
408 2339 503 2415 palam
516 2335 741 2413 objiciebanturt

73 2417 274 2486 atrocitatem,
292 2437 379 2493 quam
397 2415 569 2477 memoriam
588 2413 675 2473 occisi
691 2430 743 2488 per

73 2510 123 2554 eos
140 2495 356 2564 Parmenionis,
380 2496 455 2573 quod
473 2494 590 2554 tacitum
609 2492 741 2570 prodesse

66 2572 124 2642 *reis
135 2577 206 2650 apud
218 2595 313 2657 regem
325 2592 453 2652 poterat,
470 2562 669 2633 intuebantur:
684 2567 741 2628 lteri

64 2651 199 2714 recidisse
215 2655 287 2714 itam
300 2655 329 2712 in
339 2657 385 2715 itae
396 2654 559 2719 ministros,
581 2669 634 2708 nec
648 2648 741 2707 ullam

71 2732 229 2803 Potentiam
246 2733 351 2807 scelere
368 2733 513 2814 quaesitam
531 2730 666 2808 cuiquam
680 2741 743 2796 ecte
