2002 3636
749 148 762 187 Γ

254 318 288 361 uo
353 300 381 352 J.
416 301 606 353 FREINSH.
640 299 832 377 sonitem.

251 391 292 442 nis
306 389 428 443 laboribus
445 405 512 442 tutos
526 405 572 440 aas
579 390 636 453 fore
649 406 787 456 persuasum
803 385 896 439 hahetis
915 420 925 445 ‚

252 473 337 509 uereor
355 475 383 509 ne
397 473 537 525 magnopere
552 458 713 523 decipiamini.
731 458 828 507 Etenim
843 453 925 521 (quod

252 523 395 586 abominor)
412 524 638 590 Philippovictore,
652 526 690 574 aui
699 522 849 575 nandubium
866 535 924 578 est,

240 593 310 658 ,puin
323 606 466 659 nequeunt,
481 608 550 656 nepus
563 593 684 657 puispuam
694 592 832 642 Graecorum
848 587 928 639 liber·

254 674 331 710 tatem
342 661 405 709 tueri
418 657 517 725 possitis
527 663 601 718 (narn
614 659 638 708 in
642 659 693 721 fide
702 656 808 725 Philippi
816 656 925 706 multum

233 748 235 752 r
254 741 381 792 reponere,
397 738 540 782 earumest,
557 727 596 791 pai
606 727 685 793 perire
695 724 772 776 velim
780 738 791 785 p
805 737 832 774 at
841 722 863 772 si
879 737 925 773 nos

251 794 362 845 victoria
382 791 528 859 respexerit,
547 793 603 857 puisi
618 791 648 843 al>
660 789 808 849 inminibus,
825 806 882 856 quos
897 789 925 840 in

254 873 362 910 extremo
376 860 466 911 salutis
479 874 549 923 atpua
562 858 693 927 dignitatis
708 857 845 908 discrimine
858 856 927 908 dese·

256 925 374 983 riseritis,
385 927 566 993 suspectandum
575 924 751 993 voluptaris,
762 923 924 976 considerate·

255 992 327 1044 Nam
341 1008 489 1058 quatumque
505 991 703 1045 polissemum
719 992 824 1049 sederit,
842 989 925 1041 Athe·

256 1060 378 1111 niensiius
393 1074 455 1112 certe
470 1059 549 1110 amnia
562 1061 683 1126 experiri,
701 1074 770 1124 nepae
786 1057 925 1113 libertatem

252 1127 324 1194 prius
337 1141 407 1191 qnam
421 1127 500 1176 tritam
514 1126 626 1179 amittere
638 1127 757 1178 decretum
770 1139 816 1175 est.
840 1124 928 1186 Quan-

255 1209 326 1259 quam
340 1194 413 1243 etiam
422 1193 516 1244 vir-ilus
527 1210 575 1244 non
588 1193 716 1258 diffidimus
726 1213 733 1241 .·
744 1191 827 1257 quibus
840 1193 862 1242 si
871 1207 928 1243 ves-

254 1274 312 1311 trts
325 1260 441 1316 sociatis,
460 1260 581 1326 conjuncti
595 1261 675 1326 utique
688 1259 819 1327 superiores
833 1258 927 1312 erimus

250 1326 337 1382 hosti,
353 1327 393 1378 cui
405 1326 628 1404 singuliparesesse
636 1343 770 1394 possumus.
782 1326 839 1377 Non
849 1326 926 1394 igno·

250 1409 340 1444 *ramus
355 1408 488 1460 potentiam
507 1401 556 1460 ejus
576 1394 747 1458 Athenienses,
770 1409 839 1459 pisam
864 1393 927 1444 olim

257 1474 393 1512 nascentem
417 1476 623 1527 augescentempue
646 1462 804 1528 previdimus
811 1479 823 1524 ;
840 1474 881 1518 tt,
902 1456 931 1511 ti

255 1527 343 1578 ceteris
351 1526 493 1579 Groecorum
508 1530 587 1580 eadem
603 1544 667 1578 mens
675 1528 783 1592 suisset,
799 1543 928 1596 pracane-

257 1610 350 1645 ramus.
361 1592 414 1645 Diu
421 1596 484 1647 enirn
492 1596 580 1647 bellum
589 1612 643 1646 cum
651 1597 816 1663 ingessimus,
832 1610 880 1644 nan
894 1594 928 1646 aa

256 1660 413 1728 Amphipoli,
431 1676 474 1712 aut
489 1664 625 1720 liniarem,
641 1678 668 1714 ut
679 1665 797 1728 plerisque
812 1659 926 1712 aresieha-

257 1742 324 1789 tttr,·
343 1729 382 1778 secl
394 1745 439 1795 pra
454 1732 530 1780 salute
546 1744 568 1781 et
582 1729 693 1781 libertate
707 1728 811 1780 Gracia
826 1749 833 1777 .·
851 1728 927 1780 donea

256 1795 370 1847 destituti
385 1794 415 1847 ab
431 1795 557 1854 omnihus,
575 1811 590 1844 a
607 1796 729 1849 nonnullis
742 1797 817 1848 etiam
835 1812 931 1864 oppug-

256 1863 337 1918 nati,
354 1877 437 1928 pacem
451 1866 606 1916 necessariam
623 1866 700 1931 mugit
717 1880 786 1929 quam
802 1863 927 1914 honestam

251 1929 367 1993 fecimus.
380 1928 426 1979 Sea
440 1946 521 1985 nunc,
539 1931 636 1997 opinor,
652 1947 740 1996 pruses
754 1930 819 1979 arcis
831 1945 927 1983 nostrae

257 1995 395 2050 Minerva,
418 2009 441 2045 et
455 1994 545 2060 Apollo
560 1998 661 2064 Pythias
670 1999 779 2065 patrium
794 1994 861 2049 nobis
876 2015 927 2050 nte·

236 2066 238 2069 ’
256 2077 327 2117 men,
341 2061 455 2128 ceterique
465 2063 607 2115 Graiorum
617 2064 662 2114 Dii
670 2078 810 2131 aperuerunt
823 2067 927 2124 oculas,

257 2144 283 2181 et
291 2130 316 2178 in
324 2128 458 2181 vindictam
467 2131 543 2186 avitu,
550 2130 671 2182 libertatis
677 2134 817 2199 populorum
825 2149 928 2184 suarum

252 2197 354 2246 animos
367 2196 484 2248 excitant.
505 2199 574 2248 Certe
587 2199 714 2250 Herculem
733 2215 781 2250 non
793 2199 843 2251 sine
857 2200 928 2251 insli-

254 2262 372 2334 gnatione
393 2262 466 2314 uerba
489 2265 623 2330 legatorum
644 2267 764 2317 audiuisse
783 2266 894 2319 arbitror
915 2302 925 2327 ,

196 2389 200 2395 ,
257 2329 368 2395 Philippo
376 2331 564 2397 stirpemabillo
574 2329 625 2384 Deo
633 2334 798 2411 repetentium.
807 2334 851 2385 ille
860 2336 927 2387 enim

291 2411 373 2446 noscat
382 2395 463 2455 Deus,
474 2398 578 2448 omnium
586 2399 730 2467 religionum
738 2400 929 2468 contemtoiemp

283 2478 377 2521 raecus,
387 2465 557 2528 Macedonem
567 2480 712 2535 tyrannum,
722 2485 794 2528 asar,
805 2469 928 2535 punitor,

255 2529 406 2596 exstirpator
421 2533 559 2599 tyrannidis
576 2535 587 2580 l
605 2534 684 2587 Nulla
700 2536 764 2584 enim
780 2537 830 2588 alio
846 2552 929 2606 argu·

257 2609 340 2648 mento
350 2596 457 2649 clariora
465 2611 523 2650 sunt
536 2599 786 2669 Herculanarum
798 2603 841 2656 ille
853 2603 930 2659 Grae-

256 2664 322 2716 ciam
334 2664 458 2716 dominatu
461 2666 551 2734 premit
558 2685 569 2729 ,·
586 2667 724 2732 quibusdam
732 2669 806 2721 etiam
816 2671 932 2724 timeati-

248 2730 302 2786 aas
324 2732 464 2785 domesticas
484 2748 601 2802 &tannes
620 2734 750 2805 imposuit,
771 2737 929 2795 Philistilent
