1936 3644
242 248 446 348 'trem
484 283 593 352 vtr.
696 290 759 369 'tit

78 372 202 470 iuvenes
221 405 258 447 ex
269 384 330 447 tuis
341 386 453 466 quisque
468 384 557 478 capiis
570 385 711 469 perducite
723 384 761 449 ai

77 482 151 538 me,
165 464 211 546 qui
220 486 270 547 per
279 463 365 526 calles
376 484 403 527 et
409 484 480 547 perte
490 466 583 528 mviat
594 488 675 550 rupes
685 465 761 529 domi

104 566 186 609 ecura
197 565 281 627 agere
293 544 494 608 consueverint.
506 546 553 608 Illi
561 566 720 627 praestantes
729 563 761 610 et

78 567 203 691 irritare
222 644 399 703 corporum,
422 643 452 686 et
472 627 573 687 ardore
596 629 760 690 animorum

84 726 200 770 strenue
212 704 372 768 a‘dducuntt
385 725 455 786 quos
464 706 575 768 intueat
586 712 656 776 rexi
666 703 761 769 vobit·

82 807 171 855 cum,
186 784 298 864 inquit,
311 804 326 844 a
338 792 351 845 !
360 786 496 866 juvenes,
512 804 538 846 et
552 785 605 847 mei
617 782 759 867 aequales,

83 866 194 927 urbium
213 863 378 925 invictarum
399 881 464 924 ante
487 864 656 926 munimenta
678 882 760 946 supe·

82 945 173 1016 revi3
198 943 329 1004 montium
347 943 418 1024 juga
439 943 554 1022 perenni
577 943 642 1005 nive
666 941 761 1005 obtuta

77 1036 216 1086 ’emeatus
233 1041 318 1095 sum,·
337 1022 484 1104 angustias
502 1020 615 1085 Ciliciae
633 1020 762 1084 iactavit

23 1132 26 1135 ¹
82 1102 177 1166 Indiae
203 1100 266 1162 sine
288 1100 455 1163 lassitudine
477 1103 534 1165 vim
551 1100 676 1183 frigoris
698 1120 760 1163 rum

77 1201 241 1266 perpessus.
262 1177 303 1240 Et
319 1181 373 1241 mei
395 1180 556 1243 documenta
572 1182 651 1244 vobis
669 1178 760 1252 dedi,

81 1280 110 1324 et
120 1260 211 1323 vestri
223 1258 318 1324 haheo.
330 1259 438 1331 Petra,
450 1282 530 1339 quam
540 1260 663 1333 videtis,
677 1280 761 1322 uuum

82 1340 192 1404 aditum
208 1337 311 1411 babet,
328 1361 405 1420 quem
418 1339 525 1402 barbari
536 1339 688 1416 obsidunt
709 1358 759 1402 ceb

80 1438 145 1482 tera
162 1416 309 1499 negligunt
326 1447 335 1481 .·
355 1418 437 1481 nulla
459 1418 568 1501 vigiliae
590 1440 676 1494 tuat,
700 1418 759 1482 niti

81 1496 759 1582 quaecasttauuttraspectaat.invenietieviam,

81 1582 109 1642 si
122 1577 240 1640 solerter
250 1575 343 1639 rimati
348 1577 468 1655 fueritis
484 1577 708 1656 (iditusfetetttes
720 1577 757 1641 ati

76 1678 226 1721 cacumen.
243 1655 328 1718 Nihil
338 1677 394 1719 tam
405 1656 461 1718 alte
471 1656 585 1721 Natura
595 1660 759 1731 constituit,

79 1759 132 1819 qua
145 1736 238 1799 virtus
248 1757 302 1798 rturt
312 1738 404 1819 possit
416 1736 497 1800 eniti.
509 1735 687 1820 Experiemdo
698 1758 759 1820 pute

80 1815 170 1878 ceteri
197 1815 430 1895 desperaverunt,
453 1814 555 1877 Atiam
575 1816 705 1880 habemus
729 1817 760 1878 itt

74 1911 229 1979 potestate.
248 1893 369 1958 Evadite
388 1894 418 1956 itt
435 1915 588 1967 cacumen,
609 1896 679 1976 quad
697 1916 759 1959 cum

80 1973 236 2055 ceperitis,
260 1974 389 2036 candidis
406 1974 478 2036 velis
495 1972 607 2056 signum
621 1976 688 2038 miii
707 1975 761 2037 da·

78 2053 161 2116 uitis.
178 2051 240 2134 Ego
259 2054 352 2136 copiis'
364 2053 485 2115 admotis
500 2053 605 2116 hostem
624 2056 654 2117 ia
671 2077 722 2118 aas
740 2075 758 2117 a

78 2133 161 2196 vobis
173 2152 343 2197 convertam.
354 2132 504 2195 Praemium
515 2134 572 2194 erit
583 2135 609 2193 ei
620 2178 636 2204 ,v
645 2135 690 2214 qui
699 2133 758 2216 pri·

79 2230 142 2274 mut
154 2214 332 2293 occupaverit
346 2212 499 2281 verticem,
519 2210 625 2273 talenta
636 2232 658 2274 ve
675 2239 685 2273 .-
704 2232 757 2274 uae

76 2293 175 2354 minut
193 2293 332 2376 accipiet,
353 2291 399 2373 qui
418 2290 561 2375 proximus
578 2291 604 2354 ei
621 2293 728 2373 verterit
745 2317 756 2354 .·

77 2371 230 2452 eademque
259 2371 296 2433 td
324 2371 417 2434 decem
447 2371 572 2433 immittes
599 2372 757 2434 servabitur

98 2451 179 2513 ertio.
198 2450 311 2513 Certum
330 2469 420 2513 aurem
435 2449 542 2522 haheo,
565 2472 615 2514 vus
627 2472 687 2524 non,
698 2469 757 2513 ram

73 2472 277 2593 iiberalitate
290 2528 390 2591 intueri
402 2550 509 2599 meum,
531 2552 610 2610 quam
625 2530 756 2612 voluataf

78 2626 146 2675 tem.
158 2610 214 2674 His
233 2612 335 2673 animis
350 2631 447 2692 regem
461 2611 627 2681 audierunt,
643 2628 679 2671 ·ut
695 2612 755 2688 jam

73 2691 186 2771 cepisse
213 2690 351 2756 verticem
376 2691 551 2758 viderentur.
578 2689 754 2771 Dimissique
817 2769 819 2772 y
