1968 3636
222 279 288 358 33‘0
399 267 450 351 Q.
487 267 726 334 CUR'rlt

222 368 456 438 reconciliandam
462 371 586 453 gratiam
598 392 658 432 cun
668 364 833 440 Perdiccas,
849 384 906 431 aut»

222 453 308 516 ermis
324 451 483 512 cenandum
498 472 561 512 esse
573 453 734 513 censebant.
753 450 844 512 Forte
855 453 891 514 ite

222 533 385 601 acciderat,
410 531 503 610 utqui
519 532 548 590 in
564 533 638 612 agris
651 549 751 599 erant,
773 533 891 609 popula·

220 614 331 675 tionem
347 610 481 675 uillarum
494 611 681 688 vicorumque
696 610 804 679 vetiti,
823 631 891 670 con·
969 656 971 673 n

219 692 352 785 fugerent
370 692 400 751 in
419 694 519 752 urbem
532 713 541 750 ε
556 689 711 768 oppidani,
733 711 803 751 cum
820 689 892 768 ipsos

220 773 359 833 altmenta
376 770 549 838 deficerent,
571 771 639 830 urbe
657 770 850 831 excederent:
864 786 894 830 et

221 852 334 930 utrique
349 851 447 933 generi
464 849 552 921 tutior
570 849 663 910 aliena
681 848 786 919 sedes,
808 870 888 927 quant

222 951 273 993 sua
299 929 451 1005 videretur.
475 927 611 1006 Quorum
632 929 889 989 consternationem

219 1009 398 1072 Macedones
406 1008 509 1077 vetiti,
521 1009 551 1067 in
561 1008 670 1089 regiam
680 1007 790 1069 coe'unt
799 1030 809 1081 3
819 1030 891 1086 que-

241 1109 279 1150 ue
302 1089 429 1167 ipsorum
452 1087 590 1149 sententia
616 1103 709 1156 esset,
731 1104 888 1165 exponunt.

220 1106 357 1230 §lacebat
373 1183 468 1228 autent
480 1165 587 1246 legatos
597 1164 633 1225 ad
650 1164 757 1243 equites
771 1164 844 1226 mitti
859 1164 891 1224 de

210 1244 345 1326 finiende
355 1243 513 1314 discordia,
529 1244 665 1323 armisque
674 1244 823 1318 ponendis.
833 1246 892 1326 lgi-
943 1300 948 1313 ,

220 1342 268 1387 tut
287 1346 304 1385 a
326 1344 392 1406 tege
414 1326 525 1405 legatur
547 1324 630 1384 Pasas
649 1323 835 1392 Thessalus,
865 1340 893 1385 et

218 1404 347 1465 Amissas
370 1403 658 1484 Megalopolitanus,
686 1420 715 1462 et
736 1403 863 1464 Perilaus
882 1425 891 1464 s

218 1482 269 1562 qui
280 1504 347 1574 cunt
358 1485 488 1544 mandata
505 1483 579 1565 regis
589 1483 758 1574 edidissent3
773 1503 829 1573 non
840 1481 894 1543 au'-
970 1524 971 1531 κ

221 1579 265 1623 tet
281 1581 420 1643 posituros
439 1583 515 1623 arma
536 1578 667 1641 equites,
692 1579 773 1640 quem
791 1580 819 1622 rt
843 1580 895 1622 retr

219 1639 369 1701 discordie
386 1659 510 1702 auctores
527 1639 702 1709 dedidisset,
725 1642 817 1702 tulere
835 1661 895 1701 res·

218 1738 356 1799 pontum.
368 1719 424 1782 His
434 1721 599 1782 renuntiatis
610 1743 658 1781 sua
676 1736 777 1803 sponte
789 1720 897 1783 militet
968 1780 970 1783 ,

218 1820 301 1861 attna
323 1801 461 1879 capiunt,
476 1818 608 1879 -quotum
628 1800 753 1861 tumultu
774 1819 791 1859 e
816 1798 897 1880 regia
968 1810 970 1871 l

216 1877 365 1958 Philippus
376 1880 503 1949 excitus,
515 1877 618 1946 Nihil,
630 1878 721 1955 inquit
733 1918 743 1948 ,
754 1876 898 1938 seditione
968 1874 970 1945 1

216 1972 262 2018 est
272 1977 350 2038 opus.
363 1957 440 2019 Nam
453 1959 528 2019 inter
536 1976 568 2017 se
579 1956 743 2034 tentantium
788 1956 898 2026 entia,

217 2034 265 2116 qui
279 2035 434 2115 quieverint
445 2079 457 2107 ,
475 2034 652 2115 occupabunt.
665 2033 744 2096 Simu
771 2056 897 2097 menten-

217 2131 275 2176 rote
296 2135 353 2175 rem
376 2136 438 2176 esre
457 2136 517 2176 eunt
542 2113 670 2182 civibus,
692 2114 792 2192 quidus
818 2134 898 2196 spent

213 2193 320 2274 gratia
332 2193 388 2254 cito
401 2193 557 2274 abrumpere
569 2192 605 2253 ad
616 2191 714 2253 bellum
726 2193 814 2254 ciuile
831 2214 898 2273 pro·

212 2273 368 2353 petentium
381 2291 435 2335 est.
449 2268 546 2332 Altera
565 2270 702 2351 legatione
716 2293 754 2332 an
768 2271 898 2353 mitigati

214 2352 347 2432 possint,
365 2352 538 2432 experientur
555 2378 565 2411 .·
580 2367 608 2410 et
622 2350 704 2411 eredo
717 2351 841 2411 nondum
855 2372 900 2412 re·
969 2354 970 2369 ¹

213 2428 264 2510 gis
277 2449 388 2511 corpore
402 2429 527 2510 sepulto,
548 2429 583 2489 ad
597 2429 757 2510 praestanda
776 2431 804 2491 ei
818 2433 899 2509 juste

218 2521 311 2585 sternes
328 2524 390 2570 este
409 2511 540 2572 odituros.
554 2506 639 2588 Quod
654 2508 692 2569 ad
702 2530 753 2570 nne
771 2510 902 2580 attinet,

215 2586 327 2648 reddere
340 2586 389 2649 lton
403 2588 550 2668 imperinm
561 2590 651 2657 nelo,
666 2608 750 2667 quam
762 2608 900 2651 exercere
969 2598 970 2607 ¹

215 2663 319 2730 sirium
329 2666 465 2749 sanguine
479 2684 532 2731 s-er
541 2666 567 2732 ti
578 2666 655 2732 nulls
664 2666 727 2735 alta
738 2667 900 2733 concordia
