1936 3644
244 298 311 370 ³390
417 279 761 363 ·Q.cUttT11

241 384 436 451 -texationem
448 383 567 446 invalidi
581 381 710 461 corporis
719 379 780 461 pati
792 392 860 444 non'
870 390 931 462 p6⁴

240 483 339 535 terat,
356 486 407 544 pet
421 485 503 529 cxxx
521 482 619 525 tamen
635 463 721 522 stedia
732 463 847 541 insequi
862 484 928 540 per·

246 547 400 608 seuetavit.
422 545 545 622 Jamque
571 543 716 620 linquente
741 543 845 604 anitno
871 543 926 604 suis

246 626 401 706 precepit,
417 641 447 683 ut
455 621 541 683 donec
552 620 624 682 lutis
632 619 738 700 aliquid
750 640 925 702 superesset,

241 702 416 783 fugientium
425 699 923 782 tergisindaererentsipseexhaustis

239 785 337 845 ¹etiem
349 782 438 845 animi
450 783 575 849 viribus,
596 780 627 839 in
639 798 730 842 castra
746 802 777 842 se
796 782 924 858 recepit,

250 863 392 942 reliquum
406 861 537 923 substitit.
559 859 744 921 Transierant
757 861 821 939 jam
831 859 922 922 Liberi

249 943 335 1021 patris
356 942 513 1011 terminos3
533 960 656 1016 quorum
672 960 866 1001 monumenta
881 943 921 1003 la·

249 1022 418 1101 pideserant
429 1020 531 1081 'crebris
541 1018 698 1082 intervallis
712 1020 862 1097 dispositi,
881 1040 922 1080 at·

250 1104 388 1177 boresque
398 1120 545 1177 procetae,
565 1119 684 1176 quarum
695 1099 804 1176 stipites
823 1099 921 1161 hedera

250 1197 426 1241 contexerat.
434 1179 488 1238 Sed
498 1178 671 1239 Macedonas
680 1178 721 1240 ita
729 1179 847 1270 longius
856 1199 920 1257 pro-

249 1259 355 1321 vexit:
375 1260 479 1337 quippe
497 1258 590 1318 media
603 1257 662 1318 fere
680 1275 769 1319 nocte
788 1279 820 1317 tn
836 1276 918 1318 cestra

249 1339 409 1408 redierunt,
421 1337 518 1398 multis
530 1337 702 1408 interfectis,
713 1339 842 1416 pluribus
855 1357 917 1414 cap-

237 1419 286 1479 ·tis
297 1456 307 1487 ,
320 1438 464 1497 equosque
480 1438 584 1478 mucce
600 1421 731 1495 abegere.
747 1414 919 1478 Ceciderunt

249 1515 347 1560 autern
365 1498 559 1560 Macedonum
575 1498 682 1574 equites
698 1518 758 1568 ux,
780 1498 916 1575 peditesc

246 1578 330 1647 sere,
351 1579 432 1639 mille
448 1577 537 1639 saucii
550 1578 672 1639 fuerunt.
687 1576 760 1639 Haec
775 1577 915 1654 expeditio

169 1736 171 1739 Ι
248 1657 428 1719 deficientem
445 1677 549 1737 magna
570 1678 606 1717 ex
623 1672 701 1734 parte
718 1658 822 1718 Asiam
845 1657 915 1716 fama

244 1753 306 1799 tam
322 1754 487 1816 opportuna
507 1736 634 1798 victorie
650 1737 772 1797 domuit.
794 1737 914 1799 Invictos

242 1816 282 1877 Sc
302 1817 363 1878 thas
387 1836 446 1877 esse
467 1815 668 1890 crediderant3
698 1814 798 1893 quibus
813 1813 913 1892 fractis

242 1838 348 1956 nuiiam
370 1911 483 1974 gentem
505 1893 691 1954 Macedonum
716 1893 806 1954 ermis
827 1913 912 1975 parem

236 1972 306 2052 ,ἴση
317 1974 537 2037 confitebantur.
553 1975 650 2051 itaque
664 1974 742 2035 Sace
753 1972 857 2036 mistice
872 1974 912 2033 de·

234 2087 236 2090 >
265 2071 348 2123 atos,
368 2053 419 2132 qui
436 2052 640 2130 pollicerentur
655 2071 768 2134 gentem
787 2051 909 2116 mundus

238 2074 394 2211 iacturam.
417 2134 553 2196 Moverat
577 2155 628 2195 eos
648 2134 722 2215 regis
745 2155 808 2195 non
830 2135 908 2197 virtus
953 2168 954 2207 t

244 2214 358 2295 magis,
384 2234 470 2291 quam
484 2215 636 2275 clementia
653 2214 683 2272 in
700 2213 830 2276 devictos
848 2215 909 2289 Scy·
951 2224 953 2291 A

181 2350 185 2355 ,
240 2289 308 2352 thas
328 2314 337 2352 t
355 2293 460 2369 quippe
478 2293 607 2371 captivos
625 2312 725 2355 omnes
746 2293 808 2360 sine
825 2291 908 2372 pretio

243 2370 390 2431 remiserat
402 2392 413 2443 3
429 2386 462 2431 ut
476 2370 563 2433 fidem
578 2372 682 2432 faceret
692 2371 745 2433 sibi
754 2395 823 2434 cum
838 2374 908 2434 feto·

244 2448 364 2510 cissimis
374 2450 503 2530 gentium
515 2452 550 2511 de
560 2451 743 2520 fortitudine,
758 2472 820 2513 non
831 2453 864 2511 de
872 2452 908 2510 in

243 2527 329 2589 fuisse
351 2547 507 2592 certamen.
532 2532 658 2624 Benigne
682 2532 770 2611 igitur
793 2528 907 2608 exeeptis

233 2607 509 2752 'Sacarumleffatim
529 2631 667 2673 comitem
680 2609 906 2689 Excipinutnde·

243 2686 286 2753 du
297 2714 315 2771 ⁵2
328 2688 414 2751 admo
434 2711 485 2752 usn
499 2689 638 2770 juvenem
650 2692 738 2757 etatis
755 2691 827 2755 flore
841 2707 907 2755 com
