2002 3636
210 225 252 275 IN
288 223 326 285 Q,
362 220 561 275 contruti-
603 220 633 276 i..
666 222 688 276 i·
753 230 774 289 ‘7

94 308 182 360 infanti
205 309 363 369 nutritores,
385 324 459 376 etque
478 311 629 377 pedagogi,
653 313 776 367 horridas

97 376 253 443 Olympiadis
261 378 638 444 propinquus,etLysimechns
646 381 774 434 Acernan·

96 445 224 510 Philippus
238 444 350 496 nationis
360 447 468 507 ejusdem
478 444 588 505 adjectus
599 482 606 504 ,
626 448 666 511 qui
676 450 773 513 valetus

95 512 176 562 dinem
192 512 264 576 pueri
278 519 377 577 regeret
392 529 400 562 ι
417 513 554 564 Hellanice
564 521 574 574 (
584 514 705 591 Dropidis
720 532 774 567 etot

75 617 80 623 .
96 578 162 637 filia,
176 579 401 630 &illustrioribus
411 576 576 631 Macedonum
591 580 706 644 feminis)
716 599 773 633 cot-

95 646 162 710 poris
174 661 201 697 et
214 663 317 697 morum
333 661 402 696 recte
415 647 532 711 tempesie
546 649 655 711 probnte
669 649 772 700 nutritis

95 729 181 764 munus
197 715 377 781 demandetum
393 722 440 766 ert.
457 716 512 764 Hae
531 727 586 764 curo
602 732 693 777 paucos
708 717 773 768 intro

98 796 174 830 annot
184 779 306 831 effectum
315 795 370 837 est,
388 781 532 841 etiamtum
544 780 657 844 polliceri
672 783 773 833 videre-

97 861 137 897 tur
146 863 201 897 eum
211 863 300 911 regem
310 884 319 906 ,
329 861 401 911 quem
410 849 572 910 postmodum
583 849 707 908 exhibuit‘t
717 865 773 901 notn

87 929 123 964 ·ct
132 913 158 963 in
170 913 312 978 puerilibus
321 912 438 965 membris
445 912 584 966 indomitus
598 914 720 967 eminebat
734 916 775 966 sri-⁴

97 997 144 1047 gor
153 997 162 1040 3
180 995 207 1031 et
215 979 313 1031 eximie
325 978 420 1033 indolis
430 992 574 1048 argumenta
590 995 686 1033 etatem
696 983 773 1048 longe

88 1056 276 1113 prevenerant.
291 1047 421 1098 Excellens
434 1049 518 1099 nativa
529 1063 554 1099 et
564 1048 670 1114 genuina
686 1064 775 1101 venus*

97 1127 149 1166 tate
167 1113 308 1178 corporis,
333 1116 428 1164 cultum
448 1116 618 1179 ospemabntur
633 1132 641 1176 3
662 1116 774 1169 Anxium

88 1185 182 1247 'formu
199 1199 290 1234 curam
304 1182 408 1245 feminis
423 1185 548 1236 convenire
568 1181 701 1242 dictitant,
720 1201 774 1250 cuce

88 1253 166 1301 'nullo
174 1252 226 1301 alia
235 1252 293 1300 dote
301 1263 368 1312 eque
379 1248 623 1300 commendarentur:
636 1252 658 1302 si
666 1250 773 1303 virtutis

88 1318 169 1384 ‘potiri
185 1317 349 1384 contigisset,
367 1318 429 1366 satis
447 1336 471 1369 st
485 1318 614 1385 speciosum
625 1319 691 1380 fore·
712 1317 772 1368 Fuit

100 1398 177 1433 autem
190 1397 249 1432 cum
267 1379 436 1440 adolevisset,
452 1384 516 1443 justa
534 1386 699 1435 membrorum
709 1400 772 1448 pto-

98 1451 212 1513 portione
222 1448 392 1512 conspicuus,
403 1452 503 1501 artubus
512 1449 620 1501 robustis
628 1486 638 1510 ‚
646 1442 773 1516 probeqrie

99 1516 259 1581 compactis:
277 1515 304 1565 vi
319 1528 420 1573 tamen,
441 1534 512 1582 qoam
530 1518 612 1582 specie
634 1517 745 1568 validior
762 1530 772 1575 ς

88 1584 185 1649 'quippe
202 1582 323 1646 eorporis
337 1584 389 1642 eius
402 1584 501 1634 habitus
516 1583 580 1634 intra
597 1583 772 1647 proceritatem
824 1609 828 1618 ·

98 1651 175 1703 stent.
195 1653 293 1701 Cotem
305 1648 401 1699 'habuit
421 1651 566 1711 candidam,
587 1651 634 1700 nisi
657 1648 723 1716 qu'od
746 1652 773 1701 in

87 1719 183 1778 mdis,
198 1717 314 1780 itemque
323 1732 426 1780 pectore
446 1734 533 1783 ,gnato
544 1717 634 1768 rubore
647 1719 771 1768 suffunde·

97 1785 185 1837 batur:
201 1783 327 1847 capillum
341 1783 452 1842 flavum,
469 1784 560 1835 leniter
573 1784 694 1834 intortum
708 1803 715 1835 t
732 1800 774 1832 na-

98 1868 147 1903 sum
163 1849 304 1916 aquilinum
317 1867 323 1899 :
335 1851 423 1900 oculos
437 1850 537 1909 varios,
554 1865 610 1900 nant
619 1851 693 1901 levus
702 1853 773 1917 gleu-

99 1936 138 1969 eus
151 1918 229 1971 fnisse
239 1916 368 1975 traditur,
387 1919 467 1968 altero
477 1917 622 1984 nigerrimo.
638 1922 720 1979 inerat
728 1936 773 1969 ne·

97 2000 144 2037 tem
152 1985 216 2053 ipsis
225 1986 329 2035 occulta
337 1985 443 2049 quedam
453 1985 490 2036 vis
498 2021 507 2044 ,
516 2001 545 2036 et
551 1987 603 2036 sine
611 1985 773 2038 veneratione

98 2068 166 2119 atque
181 2055 290 2103 horrore
306 2050 413 2116 quodam
428 2051 575 2103 intuentium
588 2069 641 2103 non
655 2053 774 2116 adspice-

98 2136 168 2172 setun
183 2118 340 2171 Pernicitate
356 2121 447 2181 pedum
461 2119 601 2170 admirabili
617 2119 682 2176 suits
698 2134 771 2184 quam

97 2205 124 2238 nt
134 2205 227 2254 magnae
234 2186 265 2236 in
275 2183 475 2249 expeditionibus
485 2185 618 2243 utilitatis,
637 2185 712 2236 etiarn
727 2202 771 2237 tex

95 2271 143 2305 non
158 2254 250 2306 omisit
262 2266 394 2313 exercere,
411 2270 520 2319 sepeque
532 2270 587 2304 curn
603 2252 772 2304 velocissimis

95 2340 193 2374 snorum
203 2338 278 2372 eursu
289 2334 386 2371 certare
400 2320 468 2371 visus
478 2337 531 2372 est:
543 2319 661 2384 patientia
674 2321 770 2372 laboris

94 2407 162 2455 supra
176 2389 255 2440 fidem
270 2385 379 2446 enimia3
397 2404 443 2452 qua
456 2404 517 2452 sepe
530 2404 594 2448 una,
611 2387 770 2439 difficillimis

85 2456 266 2523 tenporibus,
280 2453 327 2505 sibi
341 2453 537 2525 exercitibusque
545 2455 595 2507 stris
610 2455 713 2507 salutem
726 2468 770 2520 pe·

87 2525 165 2588 'petie
190 2520 419 2576 Exercitationibus
443 2521 552 2582 crebris,
571 2537 597 2574 et
618 2523 768 2574 calidissima

86 2591 205 2658 corporis
212 2590 351 2654 temperie,
363 2589 427 2640 adeo
437 2589 554 2656 quidquid
564 2588 650 2642 vitiosi
657 2587 769 2641 humoris

48 2707 52 2714 .
95 2661 136 2712 snb
154 2674 213 2713 cute
228 2657 320 2726 colligi
329 2656 422 2718 ,solen
440 2657 588 2727 expugnavit
590 2672 616 2774 ἑ
625 2672 653 2734 nt
667 2670 767 2708 nerem

632 2741 659 2774 ιν

451 2886 462 2913 ἱ
