1936 3644
221 200 418 317 mm(
456 238 583 320 Vll’l.
681 268 738 330 4¹5

57 340 181 418 {entium
194 373 333 417 curarum
343 374 422 433 parto
433 354 583 424 liberatus,
599 356 740 419 convertit

57 437 190 497 animum
214 435 251 495 ad
276 434 458 495 vindicandas
477 434 590 512 injurias
607 454 708 495 eorum
727 474 739 506 ,

54 517 154 591 quibus
176 538 193 575 a
215 515 386 594 praetoribus
398 516 453 574 suis
468 533 552 575 avare
571 536 605 576 ac
619 518 738 591 superbe

56 593 266 671 imperabatur.
295 594 373 673 Ergo
395 592 606 670 Phratapherni
621 592 737 670 Hyrca·
765 624 767 629 >

52 673 134 734 niam
161 686 192 734 et
215 674 338 734 Mardos
360 695 427 734 cum
446 673 567 750 Tapuris
596 673 734 743 tradidit,

56 753 288 832 mandavitque,
303 770 335 813 ut
347 751 526 820 Phradaten,
540 752 587 811 cui
600 754 738 813 succede·

56 832 122 902 bar,
142 833 179 893 ad
195 853 228 894 se
247 832 281 893 in
298 828 456 892 custodiam
473 831 611 891 mitteret.
633 826 737 891 Arsani
824 860 826 866 ⁸

55 906 242 973 Drancarum
256 911 391 988 praefecto
406 910 568 971 substitutus
580 927 623 969 est
638 908 734 969 Stasae

55 1004 119 1052 non
131 991 260 1052 Arsaces
278 991 309 1049 in
320 990 449 1050 Mediam
465 990 585 1056 missus,
602 1005 634 1048 ut
647 987 736 1066 Oxy·

56 1066 130 1130 dates
154 1070 225 1130 inde
242 1069 413 1131 discederet.
436 1066 594 1144 Babylonia
617 1083 735 1128 mortuo
786 1068 794 1099 ’·

57 1144 166 1210 Mazaeo
178 1149 370 1209 Deditameni
383 1147 507 1224 subjecta
520 1163 573 1208 est.

92 1227 170 1292 Car.
182 1228 241 1290 lv.
256 1227 312 1289 His
323 1227 487 1304 compositis
496 1226 580 1287 terrio
591 1244 688 1286 mense
698 1244 735 1287 ex
804 1244 823 1295 χ

56 1300 178 1370 hibernis
188 1308 289 1369 movit
298 1307 455 1366 exercitum
465 1345 477 1375 ,
494 1307 660 1387 regionem,
673 1324 734 1381 quae

58 1379 175 1468 Gaboga
193 1388 380 1465 appellatur,
399 1385 533 1446 aditurus.
548 1384 660 1445 Primus
675 1384 735 1444 dies

57 1465 183 1539 quietum
192 1466 250 1527 iter
259 1464 395 1544 praebuit:
406 1465 553 1541 proximus
563 1463 592 1523 ei
605 1463 733 1524 nondum

58 1543 169 1617 quidem
189 1546 371 1622 procellosus
394 1562 424 1605 et
448 1544 559 1611 tristis,
586 1542 733 1603 obscurior

59 1635 151 1683 tamen
169 1626 316 1703 pristino,
335 1643 395 1683 non
413 1623 474 1684 sine
484 1620 568 1682 minis
582 1620 732 1683 crescentis

59 1703 125 1762 mali
139 1705 289 1781 praeteriit.
305 1703 407 1764 Tertio
425 1705 461 1762 ab
475 1701 556 1761 omni
571 1717 649 1777 parte
665 1699 734 1761 coeli

60 1781 180 1844 emicare
188 1783 325 1864 fulgura,
341 1801 452 1842 etnunc
460 1778 640 1842 internitente
648 1779 732 1847 luce,

60 1875 131 1922 nunc
148 1864 290 1930 condita,
313 1882 373 1922 non
388 1858 488 1921 oculos
504 1856 594 1919 modo
611 1854 733 1919 meantis

60 1940 219 2012 exercitus,
239 1940 287 2003 sed
298 1942 386 2001 etiam
396 1941 509 2000 animos
523 1956 627 1998 terrere
636 1954 732 2015 coepe*

60 2033 132 2081 runt.
141 2020 212 2081 Erat
225 2039 316 2098 prope
331 2020 483 2082 continuus
494 2018 563 2079 coeli
571 2017 684 2097 fragor,
703 2033 733 2077 et

60 2098 158 2168 passim
175 2100 340 2162 cadentium
356 2099 511 2160 fulminum
530 2097 635 2174 species
652 2096 732 2156 uise-

60 2173 145 2238 batur.
162 2179 362 2258 Attonitisque
373 2179 485 2239 auribus
498 2194 611 2252 stupens
626 2188 732 2252 agmen

59 2268 108 2314 nec
118 2259 271 2340 progredi,
283 2278 337 2318 nec
346 2258 499 2318 consistere
510 2255 640 2315 audebat.
650 2256 731 2313 Tum

57 2348 171 2410 tepente
186 2340 281 2400 imber
289 2338 454 2417 grandinem
467 2334 606 2396 incutiens
619 2347 732 2392 torren-

59 2409 92 2469 ris
106 2417 195 2479 modo
212 2416 372 2478 effunditur.
385 2417 431 2476 Ac
444 2417 538 2493 primo
554 2411 669 2491 quidem
681 2430 730 2470 ar·

61 2489 175 2579 missuis
187 2495 257 2558 tecti
273 2513 461 2573 exceperant,
480 2493 525 2554 sed
542 2492 601 2568 jam
611 2510 665 2552 nec
680 2510 728 2550 ro·

59 2580 143 2633 nuere
156 2596 237 2637 arma
250 2576 363 2637 lubrica
376 2593 405 2634 et
422 2574 543 2653 rigentes
556 2591 656 2630 manus
670 2588 729 2644 po·

58 2649 729 2739 terant3necipsidestinare‚in.quamtegionen

497 2748 631 2818 Mmiv
