1936 3644
242 292 441 364 tinen
475 296 585 368 vn.
689 306 751 387 'tsi

70 396 202 546 {liam
216 405 333 467 naen
348 402 503 480 'pervenin
532 402 603 465 Inde
631 397 752 465 Bassam

100 483 294 547 ebatannduci
314 483 412 562 jussit,
433 479 580 559 interfecto
591 482 681 544 Dario
690 503 753 564 pe·

72 580 125 625 nrt
135 562 228 646 eapite
236 560 449 647 perroduntrum.
465 563 569 624 lisdem
578 563 638 624 fere
652 564 752 626 diebus

73 643 250 706 Ptolemaeos
259 659 289 703 et
300 641 428 703 Menidas
438 642 565 719 peditans
574 643 628 703 tria
636 643 758 712 millia‚‘

72 741 102 786 et
116 724 228 801 equites
244 723 325 782 mille
335 720 512 782 adduxerunt
524 724 656 783 mercede
665 721 752 783 ‹mili-

72 820 195 864 tataros.
216 801 381 869 Alexander
393 821 508 879 quoque
525 820 563 862 ex
577 799 667 880 Lycia
683 821 752 865 cunt

70 883 138 960 pari
149 900 272 943 nurnero
282 880 651 959 peditum,ttneqnitibns
660 881 752 947 venir.

72 959 752 1039 TotidemeSyriaArclepiodorumseqnebana

71 1059 141 1103 tnta
155 1041 307 1120 Antipater
317 1038 488 1100 Gracotutn
497 1040 704 1111 mumistia,
718 1040 750 1100 in

71 1121 175 1201 quibus
199 1143 220 1184 n
244 1120 351 1198 equites
372 1136 477 1190 erant,
501 1117 625 1181 miserat.
651 1120 752 1199 Iraque

72 1201 202 1262 exercitu
224 1218 339 1267 aucto,
364 1199 400 1258 ad
421 1219 481 1267 ea,
505 1219 568 1276 quse
590 1199 752 1262 defectione

71 1282 187 1342 turbata
199 1298 299 1347 erant,
320 1276 520 1356 componenda
532 1278 667 1357 processit
679 1300 689 1351 3
701 1279 750 1340 in·

71 1359 254 1437 terfectisque
284 1358 520 1420 consternationis
553 1361 750 1429 auctoribus,

110 1457 175 1499 arto
185 1438 231 1500 die
241 1437 276 1499 ad
287 1435 394 1499 flumen
404 1437 505 1499 Oxum
514 1457 682 1514 perventnm
693 1456 753 1505 eat.

116 1519 214 1596 cqnia
226 1518 329 1579 limum
346 1515 446 1586 vehit,
460 1515 586 1578 turbidus
597 1539 708 1597 semper
719 1535 751 1581 et

71 1598 225 1660 insalubris
247 1615 289 1658 est
307 1614 390 1676 potu.
413 1595 513 1674 Itaque
536 1613 638 1675 puteos
665 1597 750 1660 milet

61 1695 200 1758 ¹coeperat
226 1677 336 1738 fodere.
358 1675 425 1736 Nec
445 1695 544 1737 tamen
570 1675 661 1740 humo
691 1678 751 1740 alte

72 1775 170 1839 egesta
187 1757 324 1818 existebat
339 1754 467 1829 hument
492 1776 559 1817 cum
575 1757 605 1817 in
622 1759 685 1836 ipso
701 1774 752 1819 ta-

72 1837 231 1899 bernaculo
242 1836 315 1916 regis
326 1853 493 1912 conspectus
505 1853 547 1896 est
557 1834 644 1906 fons,
661 1856 750 1926 quem

90 1917 140 1978 nia
167 1915 246 1976 tarde
272 1929 462 1984 notaverant,
491 1911 583 1975 subito
615 1913 751 1976 sentisse

70 1937 231 2057 inxentnr.
248 1994 367 2073 Rexque
375 1993 435 2072 ipse
450 1992 526 2055 credi
535 1994 631 2056 voluit
649 1993 750 2056 donum

69 2075 129 2136 Dei
150 2071 183 2133 id
196 2072 305 2151 fuisse·
332 2073 475 2150 Superatis
495 2072 595 2135 deinde
616 2074 749 2139 amnibus

72 2153 164 2229 Ocho
174 2169 204 2215 et
216 2152 304 2222 Oxo,
324 2153 359 2213 ad
374 2154 474 2213 urbem
488 2149 664 2230 Margint'otn
681 2172 749 2229 per-

72 2234 165 2297 venit.
194 2224 281 2294 Circa'
305 2253 371 2292 eam
395 2249 446 2293 vr.
463 2250 482 2291 o
502 2231 573 2308 pidis
595 2231 751 2294 condendis

70 2311 166 2375 eiecta
183 2311 262 2372 sedes
278 2330 331 2374 est.
343 2311 413 2371 Duo
428 2309 464 2372 ad
511 2310 629 2372 eridiem
640 2331 748 2386 versa3

72 2390 197 2479 quatuor
209 2390 363 2470 spectamia
376 2389 529 2452 Orientem
541 2411 552 2462 ς
567 2389 689 2452 modicis
702 2391 750 2452 in-

72 2489 116 2535 ret
127 2491 158 2533 se
175 2470 270 2548 spatiis
285 2470 443 2541 distabantt
458 2490 495 2530 ne
507 2471 607 2548 procul
615 2489 747 2550 repeten-

70 2551 142 2613 dnm
160 2569 235 2612 esset
252 2567 385 2612 mutuum
403 2548 555 2612 auxilium.
567 2548 638 2612 Hac
649 2550 749 2613 omnia
790 2588 793 2599 ·

71 2632 125 2693 sira
136 2630 245 2692 suntin
256 2628 336 2690 editis
350 2614 472 2691 collidus
482 2652 491 2690 s
503 2645 566 2690 tunt
576 2631 657 2691 velut
673 2628 748 2688 freni
763 2661 766 2666 -

68 2710 250 2783 domitarum
271 2708 425 2792 gentium
453 2728 530 2772 nuno
554 2708 672 2790 originis
692 2728 749 2773 sun
