1994 3632
217 279 294 331 ,202
418 253 463 334 Q.
501 251 739 317 CURTII

233 374 352 439 genuque
368 351 429 414 illis
441 352 574 435 gentibus
590 353 729 437 portendi.
748 353 919 436 Vetetaque
984 396 986 429 ;

236 436 368 514 exempla
420 433 690 510 rcensentPersidis
704 453 824 514 regunt,
846 455 919 524 quos
985 484 986 501 2

235 514 365 577 adversis
411 511 450 573 iis
464 533 628 595 pugnasse,
652 513 723 575 unte
742 512 918 575 ostendrsset
985 532 986 589 i

236 592 367 670 defectio.
382 593 473 656 Nulla
486 613 530 654 tes
545 592 687 656 efficacius
697 592 917 657 multitudinem
985 612 986 671 l

235 674 326 755 regit,
339 696 425 752 quam
437 674 597 752 superstitio
608 697 617 734 t
628 673 736 750 alioqui
747 673 913 750 impotens,
985 690 986 751 l

235 777 331 824 saeva,
346 755 510 825 mutabilis3
530 755 579 814 ubi
590 773 664 814 unna
675 752 816 833 religione
830 771 915 830 capra
985 754 986 817 1

238 834 407 902 est,melius
415 835 525 896 vatibus
534 853 620 911 quam
630 833 744 893 ducibus
754 833 812 892 suis
821 850 916 909 patet.
985 850 986 909 l

236 911 915 995 IgitureditaiuvulgusAEgyptiotumresponsa
985 912 986 959 f

237 1014 330 1055 rursus
340 993 375 1053 ad
389 1012 469 1070 spem
481 1011 509 1051 et
520 992 653 1052 fiduciam
668 1010 783 1052 erexere
794 1008 914 1068 totpen-
985 1028 986 1035 κ

236 1090 290 1134 tes.
303 1072 366 1131 Rex
376 1071 659 1148 impetu-animorum
668 1069 805 1131 utendum
817 1090 913 1141 ratus,

238 1150 358 1212 secunda
367 1150 465 1229 vigilia
473 1149 913 1232 castramovitrdextraTigtim

237 1229 382 1300 habebam
403 1250 421 1287 a
438 1229 510 1290 laeva
528 1247 662 1299 montes,
683 1249 755 1306 quos
774 1225 913 1290 Gordaeor
985 1226 986 1289 ἒ

236 1326 355 1370 vocant.
366 1307 434 1367 Hoc
444 1307 570 1389 ingresso
580 1309 636 1369 iter
643 1309 853 1386 speculatores,
866 1309 912 1387 qui

214 1434 216 1440 ,
237 1387 371 1466 praemissi
387 1405 486 1456 erant,
507 1390 557 1448 sub
568 1388 641 1448 lucis
656 1406 771 1456 ortum,
787 1385 912 1448 Darium
985 1452 986 1469 p

237 1464 387 1526 aduentare
413 1467 625 1529 nuntiaverunt.
659 1468 798 1527 Instructo
827 1467 913 1549 igitur
985 1482 986 1545 j

237 1546 912 1627 milite,etcompositoagminmantecedebat.

238 1625 294 1685 Sed
304 1625 454 1684 Persarum
470 1626 666 1702 exploratores
675 1644 754 1686 etant
763 1626 848 1688 mille
859 1627 913 1687 fer·
985 1634 986 1695 j

237 1725 306 1774 me,
325 1703 373 1781 qui
388 1704 512 1780 speciem
527 1704 649 1784 agminis
665 1707 762 1786 magni
774 1706 913 1770 fecerant.

239 1782 358 1863 Quippe
375 1785 423 1844 ubi
441 1784 585 1862 explorari
604 1805 672 1845 vera
690 1804 749 1844 non
769 1803 911 1864 possunt,

236 1864 309 1924 falsa
326 1883 377 1940 pet
396 1880 508 1924 metum
526 1882 675 1944 augentur.
689 1863 744 1924 His
767 1866 911 1946 cognitis,

236 1963 288 2002 rex
306 1962 373 2001 cum
394 1942 626 2019 paucissuorum
645 1961 785 2005 assecutus
806 1966 912 2028 agmen

235 2019 437 2100 refugientium
454 2021 490 2081 ad
506 2042 595 2094 suos3
612 2024 685 2083 alios
700 2023 826 2095 cecidit,
841 2025 912 2087 alios

236 2102 312 2178 cepit
324 2123 333 2162 r
346 2101 510 2179 equitesque
525 2102 658 2179 premisit
675 2102 760 2166 simul
779 2107 911 2182 specula·
985 2162 986 2165 ,

235 2196 299 2241 tum
310 2200 320 2253 3
333 2181 418 2242 simul
432 2199 464 2241 ut
476 2182 592 2262 ignem,
608 2204 667 2259 quo
677 2184 788 2243 barbari
798 2205 910 2245 creme-

235 2261 442 2328 vetantvicos,
454 2262 663 2340 extinguerent.
674 2260 790 2341 Quippe
799 2263 912 2346 fugitis·

234 2354 277 2398 tes
293 2340 397 2415 raptim
412 2341 493 2400 tectis
507 2340 671 2418 acervisque
682 2342 907 2421 frumentiinje-

234 2434 333 2477 cerunt
343 2417 472 2485 flammas
483 2443 492 2480 t
503 2441 564 2496 quae
578 2441 644 2481 cum
653 2421 682 2480 in
693 2443 809 2483 summo
816 2423 910 2483 haesis-

233 2514 318 2564 sent,
338 2498 373 2556 ed
387 2498 522 2559 inferiora
535 2499 664 2561 nondum
679 2520 910 2578 penetraverant·

234 2575 370 2645 Extincto
390 2577 477 2658 igitur
494 2579 581 2658 igne,
604 2581 759 2657 plurimum
775 2582 909 2643 frumenti

232 2674 378 2737 repertum
388 2675 449 2722 est:
463 2659 548 2738 copia
556 2659 678 2725 aliatum
688 2680 803 2741 quoque
812 2682 909 2725 return
