2002 3636
159 256 270 322 ruo
306 252 744 327 cumulatius,

70 344 206 397 animorum
220 362 394 411 armorumque
409 361 454 394 usu
470 342 572 396 cuilibet
587 347 747 404 multitudini

73 407 180 466 hostiurn
197 413 377 479 insuperabiles
393 425 471 462 mant.
491 411 646 478 Antipatro,
668 436 744 484 quem

71 499 123 533 curn
134 481 266 532 duodecim
278 480 390 531 millibus
402 478 531 544 peditum,
549 496 575 531 et
589 482 659 534 mille
672 486 746 551 quin·

70 546 446 628 gentisequitibusMacedoniae
455 548 745 627 Graecinquerebuspre·

70 617 201 676 fecerat,'
193 618 354 678 injunctum,
371 629 400 666 ut
408 628 540 666 continuos
548 633 574 666 ιιι
584 620 682 684 Europa
698 623 745 673 de·

71 684 150 735 lectus
167 699 269 750 ageret,
286 683 375 760 quibui
393 683 511 733 adversus
528 685 668 747 praeliorum
687 689 746 740 fati·

69 768 115 818 que
125 751 274 803 detrimenta
288 749 412 801 exercitus
424 747 526 800 subinde
535 766 676 804 novaretur.
685 758 745 808 Hoc

72 818 199 869 nnumsibi
212 834 361 883 exceperat,
378 834 434 867 curn
443 831 526 867 cetera
540 817 624 869 amicis
640 821 747 898 largire·

70 896 120 938 tur.
136 885 266 962 Quidquid
283 884 350 936 enim
359 885 428 935 salva
441 885 568 947 majestate
581 886 650 952 regni
662 891 745 942 abesse
778 892 780 898 ’

70 968 192 1018 poterat,
210 953 357 1030 priusquam
367 967 441 1003 naves
457 953 659 1013 conscenderet,
681 956 746 1008 inter

70 1019 272 1074 suosdistribuin
283 1018 416 1070 Perdiccas
430 1017 547 1082 predium
562 1021 629 1085 quod
645 1013 749 1075 dabatur

72 1087 242 1153 nouaccepir,
259 1088 419 1152 interrogato
432 1101 508 1150 rege,
500 1089 583 1202 ‚quid
595 1091 746 1145 tandemsibr'

73 1155 184 1223 ipsinliq
185 1156 331 1231 sifacem?
349 1168 422 1218 atque
436 1151 483 1202 illo
498 1171 523 1203 su
542 1170 658 1234 ιιιιιιιιε,
669 1177 746 1237 spes:

73 1223 291 1300 earumdemergo,
306 1220 404 1284 inquit,
417 1224 624 1336 ernospartieipes
639 1227 746 1286 erimus,

74 1290 113 1354 qui
129 1291 177 1341 tuis
194 1289 311 1356 auspiciis
327 1291 473 1340 militamus
512 1303 566 1366 aues
583 1291 648 1339 hunc
665 1294 746 1345 secuti

76 1368 143 1405 tunt:
155 1373 198 1419 per
211 1371 310 1405 ceteros
323 1371 374 1405 non
389 1352 476 1413 steti13
492 1354 550 1420 quin
560 1353 724 1426 interrogatus
739 1397 749 1423 ,

77 1422 115 1473 ubi
131 1425 265 1474 thesauri'
256 1425 332 1491 ipsius
352 1422 458 1474 essent?
479 1439 537 1473 vere
558 1428 744 1490 responderet,

75 1492 135 1556 apud
150 1493 252 1541 amicos.
270 1494 331 1539 Sane
347 1489 379 1540 de
392 1504 484 1538 summa
497 1505 576 1540 rerum
592 1492 665 1541 alea
659 1510 745 1556 ιιιιι,

76 1564 124 1605 non
129 1557 232 1607 absurde
242 1556 382 1606 collocasse
391 1555 490 1607 vrderur
496 1573 556 1622 opes
564 1575 620 1623 quas
627 1512 748 1613 habebat:

77 1622 163 1688 quippe
177 1641 221 1675 aut
230 1623 318 1674 vietor
332 1625 413 1702 mulro
424 1623 526 1685 majores
538 1626 668 1704 adepturus
677 1643 749 1691 erat3

77 1705 116 1740 aut
130 1692 150 1740 si
164 1691 251 1741 victus
264 1706 345 1749 esset,
361 1690 420 1741 istas
433 1708 530 1756 quoque
545 1693 681 1747 amissurus.
694 1697 748 1746 Αι-

78 1774 122 1838 que
134 1758 233 1809 interim
244 1758 405 1808 alacrioribus
422 1757 539 1808 ministris
554 1760 676 1812 utebatur.
692 1765 748 1812 Ne·

76 1830 120 1889 'que
132 1829 240 1877 multum
260 1826 405 1875 abscedebat
422 1824 579 1888 presentibus
596 1827 750 1877 necessitati-

77 1890 134 1953 bus,
154 1911 211 1944 cum
229 1909 303 1958 agros
316 1907 342 1942 et
356 1891 462 1956 predia,
479 1908 505 1943 et
520 1890 629 1953 reditus,
645 1912 750 1960 quorum

79 1957 216 2012 dresmulto
225 1976 286 2023 post
295 1976 393 2010 venturi
404 1975 493 2018 erant
514 1961 634 2011 donaret:
628 1963 749 2027 pecunia

79 2023 103 2076 in
115 2028 174 2080 belli
187 2044 260 2079 usum
272 2027 401 2091 seposita,
420 2028 485 2089 cujus
500 2044 590 2092 quanto
605 2028 687 2080 minor
705 2047 749 2080 co

78 2092 113 2158 pia
129 2112 208 2154 erat,
233 2093 381 2160 diligentius
404 2093 627 2147 administrabatur.
650 2095 751 2161 Quippe

79 2160 189 2241 Philippo
216 2162 377 2221 interfecto,
401 2161 481 2211 minus
502 2161 629 2227 sexaginta
649 2164 750 2215 talentis

79 2232 179 2292 pecunie
196 2230 322 2297 signatas,
347 2244 470 2307 paucaque
482 2244 511 2277 ex
528 2246 585 2278 auro
603 2244 629 2280 et
646 2246 749 2308 argento

79 2298 185 2359 pocula'
177 2315 205 2347 ιιι
221 2295 345 2347 thesauris
364 2297 415 2359 ejus
431 2311 526 2359 reperta
542 2309 614 2347 sunt.
626 2314 685 2347 cum
697 2299 752 2350 eris

82 2363 144 2415 alieni
153 2365 294 2443 quingenta
303 2367 381 2414 ferme
394 2364 485 2413 talenta
497 2363 655 2441 relinqueret
666 2368 751 2428 Quan-

80 2447 140 2495 quam
155 2433 226 2483 cnim
240 2432 289 2482 iste
303 2448 356 2482 rem
372 2429 557 2481 Macedonicam
569 2431 720 2497 insignibus
713 2451 753 2484 rn-

79 2500 205 2552 trcmentis
223 2496 320 2551 auxisse
323 2515 352 2556 t,
373 2495 426 2546 auri
447 2510 542 2563 quoque
560 2499 667 2550 metallis
686 2500 751 2566 apud

81 2566 232 2619 Crenidas'
205 2575 214 2629 (
225 2585 279 2632 ipse
297 2560 431 2629 Philippos
449 2565 625 2629 appellavit)
618 2583 654 2617 ιιι
670 2568 753 2620 excul-

80 2631 108 2682 tis
116 2653 165 2694 ,ut
178 2635 238 2685 inde
254 2632 327 2684 mille
340 2632 436 2682 talenta
450 2633 520 2682 annui
530 2649 664 2712 proventus
676 2649 755 2697 eope·

80 2673 170 2775 Μιιιι
191 2700 321 2754 continuis
344 2697 436 2761 bellis,
454 2714 531 2770 neque
543 2702 623 2754 minus
638 2699 770 2777 largitio.

610 2765 666 2832 ri,
