1936 3644
243 310 601 391 urrunnun
693 334 755 409 oe,

78 410 160 482 iumc
177 414 270 479 Meos.
283 422 356 481 enirn
369 440 499 482 normam
516 422 595 483 vires.
606 422 757 493 ,trundum

81 514 213 578 expertus
230 515 292 560 tuns
306 496 470 576 :fortiorem
482 519 543 561 erse
554 518 581 561 re
593 544 604 571 ,
624 500 689 562 beili
707 503 757 563 do-

80 576 345 642 cuiteventus.Sed
355 599 389 639 ne
400 578 443 638 sic
454 579 667 660 quidemparttrn
676 580 755 658 fedior

79 656 163 726 sum,
181 656 321 718 secundus
335 656 399 722 tibi.
418 659 524 719 Rursus
545 660 754 743 interrogatus,

78 736 145 819 quid
155 736 216 816 ipre
226 738 360 801 victorem
369 755 491 801 statuere
503 736 600 801 dedere
609 759 754 816 censerem

77 816 149 898 quod
170 815 242 887 iric,
262 817 375 896 inquit,
395 814 458 878 dier
479 816 650 878 ribisuadet
670 846 680 879 .·
702 840 753 899 quo

77 912 212 976 expertus
232 916 284 966 es,
306 917 386 976 quam
403 895 507 957 caduca
521 893 652 973 felicitas
667 916 755 963 esser.

75 968 144 1038 Pius
160 978 308 1038 monendo
319 976 460 1054 profecit,
478 977 609 1055 promsi
624 978 772 1055 precitus·

72 1074 160 1118 esset.
186 1055 303 1135 Quippe
326 1055 553 1138 magnitudinem
575 1057 666 1119 animi
691 1059 752 1138 ejup

72 1135 258 1207 interritam,
278 1158 313 1198 ac
328 1157 365 1197 ne
381 1137 495 1197 fortuna
511 1135 626 1214 quidem
641 1137 750 1198 infrac-

72 1232 160 1286 tum,
179 1235 239 1277 non
257 1217 450 1279 misericordia
463 1216 577 1286 modo,
594 1218 641 1278 sed
662 1217 751 1279 etiarn

72 1296 190 1357 honore
203 1297 334 1378 excipere
350 1297 479 1378 dignatus
495 1312 548 1360 est.
560 1294 680 1383 AEgrum
695 1319 750 1359 cu-

66 1376 149 1441 ravit
162 1375 236 1436 houd
248 1398 346 1447 secus,
358 1398 443 1456 quarn
455 1377 479 1436 si
490 1397 542 1454 pro
552 1376 617 1459 ipso
624 1398 748 1460 pugnas·

70 1466 136 1518 s‘err
148 1456 350 1517 confirmatum
362 1472 461 1518 contra
477 1474 556 1532 spem
568 1460 701 1518 omnium
716 1454 747 1518 in

68 1536 236 1599 amicorum
254 1550 406 1598 numerum
424 1536 552 1613 recepit-r
563 1554 636 1596 mox
653 1537 747 1598 dono·

66 1617 115 1682 νὴ
127 1617 268 1694 ampliore
280 1632 386 1697 regno,
396 1636 482 1693 quarn
493 1616 593 1675 tenuit.
605 1615 669 1676 Nec
678 1634 747 1683 sane

64 1696 227 1778 qdidquam
256 1697 404 1779 ingenium
431 1696 501 1773 ejus
520 1692 665 1764 solidius,
696 1712 747 1755 aut

65 1778 248 1840 constantius
271 1777 389 1847 habuit,
414 1797 500 1853 quam
526 1775 745 1843 admirationem

67 1878 147 1920 verae
167 1857 257 1917 laudis
278 1874 307 1917 et
320 1857 419 1938 gloriae
440 1879 448 1915 :
470 1854 624 1931 simplicius
647 1873 745 1912 tamen

65 1938 180 1999 fernam
197 1936 390 1997 estimabatin
406 1935 508 2002 hoste,
522 1952 607 2011 quarn
624 1933 652 1991 in
669 1937 745 1994 cive.

64 2016 191 2096 Quippe
201 2038 216 2077 a
228 2017 284 2078 suis
291 2013 654 2095 credtbutrnagnitudinem
663 2032 743 2072 suam

59 2095 175 2158 ¹destrui
184 2097 423 2174 posse;ea³rndem
434 2096 584 2154 clariorem
592 2093 671 2162 fore,
684 2110 744 2169 quo

4 2187 9 2190 '
63 2177 196 2257 majores
209 2177 345 2247 fuissent,
362 2196 433 2255 quos
443 2174 502 2253 ipse
513 2173 638 2237 vicisset.
734 2202 738 2215 ›
