2002 3636
156 226 204 296 tia
237 238 274 306 Q.
297 240 501 297 ‘coartant
528 224 563 296 ⁴1„
596 238 656 298 11.x
709 236 752 307 ds

28 356 29 359 ¹
75 335 189 398 luctuque
205 347 329 384 coronam
339 329 472 395 imposuit.
482 326 641 397 Hephastion
655 331 752 384 Patro·

76 399 106 450 cli
117 402 235 451 tumulum
250 398 400 450 coronavit:
410 399 523 449 eumdem
538 399 747 452 amicitiulocurn

75 468 131 530 apud
145 469 317 519 Alexandrum
335 465 383 516 sibi
398 482 452 516 esse
468 464 621 532 significans,
637 485 708 533 quem
723 467 750 520 ia

75 534 131 596 apud
136 535 267 586 Achillem
277 533 413 584 habuisset.
424 538 493 583 Inter
500 536 593 586 multos
602 536 632 585 de
641 534 747 586 Achille

76 616 189 653 sermones
203 604 298 669 duplici
310 602 406 653 nomine
418 601 511 653 beatum
525 603 572 654 sibi
585 605 665 654 videri
681 600 747 654 dixit

75 683 127 726 rer,
141 673 204 736 qnod
213 671 290 721 vivus
296 671 380 733 fidum
392 669 497 719 amicum
510 684 595 721 auctaas
608 685 688 733 esset‚·
703 688 752 721 ea·

76 735 160 788 tinctus
170 753 291 809 magnam
306 751 452 813 preconem.
466 735 562 786 Ceteris
579 734 654 786 etiam
667 735 749 786 heroi·

77 801 131 859 bus,
148 820 251 868 quorum
261 802 294 852 iis
304 818 332 851 an
341 800 417 851 tetris
430 802 559 866 sepulchra
569 804 746 864 ostenduntur,

75 870 216 932 parentavit.
225 868 381 921 Sacrificavit
389 869 523 920 etPriamo
532 871 563 920 ad
571 869 748 929 Hereiiararn,
812 924 816 932 .

76 934 278 1002 sireutplacaret
285 952 369 987 manes
383 935 412 985 ab
421 937 529 987 AEaeida
538 936 681 996 intersertis
695 937 750 988 sive

77 1003 107 1052 oh
118 1005 308 1071 cognationem,
325 1020 397 1068 qaam
407 1002 454 1053 sibi
465 1021 520 1054 cum
529 1003 660 1055 Iliensibus
669 1004 751 1055 inter·
771 1015 773 1019 ·

77 1070 159 1121 cedere
172 1071 354 1130 arbitrabatur,
372 1069 429 1134 quia
448 1070 547 1121 viduant
561 1069 681 1122 Hectoris
693 1072 751 1122 An.
770 1104 773 1109 -

79 1136 751 1203 dromachenhieoptolemasinmatrimoniohabuerat·

78 1205 203 1267 Minerva,
220 1223 293 1272 quarn
304 1205 427 1270 praecipua
439 1204 561 1272 religione
569 1207 749 1264 venerabatur,

79 1272 180 1324 studiose
196 1291 295 1325 sacrum
312 1271 375 1323 fecit
390 1290 397 1321 ι
415 1273 581 1339 suspensisque
602 1273 628 1324 in
650 1275 747 1337 templo

83 1339 145 1390 arnis
162 1341 233 1400 suis,
258 1340 308 1390 alia
326 1339 456 1398 detraxit,
476 1358 527 1405 que
544 1359 560 1392 a
577 1342 674 1410 Trajaai
690 1341 750 1393 beili

83 1409 215 1474 temporibus
231 1408 362 1459 duravisse
379 1405 532 1460 dicebantur.
549 1410 608 1460 Huc
624 1409 654 1459 ab
673 1410 751 1458 armi·

79 1477 139 1539 geris
143 1478 258 1542 preferri
267 1474 386 1538 jubebat,
396 1489 509 1540 tanquam
517 1477 645 1544 apropitio
653 1477 751 1526 numine

82 1542 108 1590 ad
123 1543 276 1612 subigendam
291 1542 380 1593 Asiam
398 1545 548 1593 commodata
563 1563 571 1591 :
585 1544 659 1608 iisque
675 1544 752 1592 indu·

82 1620 126 1656 turn
139 1613 219 1660 ferunt
230 1611 263 1660 ad
277 1609 414 1660 Granicum
428 1626 482 1659 cam
495 1611 751 1677 satrapisdtcertassa·

81 1672 191 1739 Alioquin
213 1674 372 1740 elegantibus
393 1674 464 1724 armis
488 1677 634 1741 gaudebam
657 1673 752 1724 nullius

83 1743 200 1794 munditiei
217 1741 369 1793 studiosior.
386 1744 461 1793 Cetra
475 1760 543 1793 usum
558 1742 655 1807 reperio
668 1743 753 1806 splen»

81 1807 150 1868 dida;
161 1811 234 1877 galea
250 1811 377 1875 eleganter
392 1809 507 1868 cristata,
524 1809 646 1872 utrimque
661 1810 756 1872 depen-

82 1875 181 1928 dentibus
197 1875 283 1942 pinnis
298 1877 403 1926 candore
421 1890 447 1926 et
463 1875 632 1941 magnitudine
646 1873 754 1939 insigni·

83 1942 244 1996 bastthorace
258 1944 327 1994 lineo
344 1943 450 2008 duplici.
466 1944 569 1994 Galeam
583 1942 688 1993 habebat
701 1945 754 1992 r'er-

83 2013 273 2078 sanquinem,
295 2013 338 2061 sed
353 2010 380 2060 in
392 2009 516 2075 purissimi
531 2009 625 2076 argenti
642 2009 751 2078 speciem

81 2078 277 2145 splendoremque
287 2079 410 2144 politam,
424 2077 557 2142 Theophili
567 2095 638 2142 opus.
648 2078 752 2127 Collare

81 2147 170 2198 ίεπιιιω
178 2144 359 2198 internitentes
376 2161 477 2210 gemme
485 2143 679 2209 distinguebant.
689 2145 751 2194 Glu-

83 2211 119 2261 dio
130 2215 275 2283 cingebatur
290 2211 403 2264 acumine
417 2229 444 2263 et
457 2210 550 2263 duritie
567 2211 593 2260 in
606 2209 692 2275 paucis
706 2225 753 2259 no·

81 2278 159 2342 abili,
176 2283 334 2349 augebatque
351 2278 455 2345 pretium
472 2282 540 2341 eins,
559 2281 625 2344 quod
639 2278 666 2328 in
679 2292 752 2328 muto

82 2348 128 2397 ferri
141 2351 232 2401 robore
247 2348 315 2400 leuis
330 2365 356 2399 et
370 2348 488 2398 tractanti
504 2346 593 2396 habilis
607 2362 668 2397 erae.
682 2344 752 2398 Huic

82 2429 193 2469 amastrae
202 2417 332 2468 interdurn
343 2414 478 2467 amiculum
492 2413 598 2464 militare
608 2411 754 2476 injiciebatu

82 2485 138 2545 quod
151 2504 229 2551 genus
245 2500 299 2535 tura
311 2485 422 2535 Siculam
438 2482 616 2545 appellabatur.
634 2484 752 2532 Ceteruan

82 2549 211 2612 quibasdam
230 2554 319 2604 horum
337 2565 396 2614 post
416 2548 442 2599 id
462 2563 558 2613 tempus
578 2547 674 2614 potitus
690 2562 754 2599 eset

82 2629 129 2669 asan
135 2621 222 2672 thorax
232 2656 240 2679 ‚
257 2635 333 2685 quem
343 2616 467 2675 brimus,
482 2614 547 2667 inter
556 2614 637 2679 spolia
647 2611 753 2681 pugnus·

83 2685 110 2735 ti
123 2685 300 2755 larunt-prelii
322 2684 397 2744 suits
419 2683 529 2752 gladium
551 2682 691 2738 Citieoram
709 2695 753 2740 ets
