1994 3632
232 236 294 325 ³200
413 256 455 341 Q.
496 257 735 324 CURTII

232 364 308 439 lique
325 359 500 423 sarcinarum
515 362 622 442 passim
639 356 779 421 fluitantes
792 356 922 451 pleresv
993 404 994 427 i

232 461 288 517 que
308 442 497 519 perculerant.
522 443 586 504 Rex
605 460 747 508 monere,
774 456 803 498 ut
830 458 906 529 serre
993 496 994 525 p

231 516 384 589 haberent,
406 541 485 581 arma
497 521 641 591 retinere3
659 537 752 580 cetera
765 538 796 577 re
807 517 908 578 reddi-r

229 613 333 658 rurum.
347 599 402 660 Sed
415 620 506 679 neque
520 599 690 668 consilium,
705 617 797 674 neque
811 597 905 675 impe-
993 608 994 679 3

230 678 305 737 rium
316 679 408 756 accipi
418 697 548 756 poterat:
562 680 741 754 obstrepebat
753 675 822 735 hinc
835 696 905 767 me-
993 690 994 711 ³

228 773 304 830 rus3
335 775 433 836 preter
460 758 565 828 hune,
591 757 716 820 invicem
740 772 902 816 natantium
993 782 994 839 j

174 874 177 878 ι
228 854 344 898 mutuus
372 839 493 900 clamor.
518 836 679 906 Tandem,
706 854 762 913 qua
788 830 904 896 leniore

227 926 319 976 tractu
343 919 434 977 amnis
457 918 553 995 aperitv
570 916 702 985 vadum,
727 934 903 975 emersere:

227 996 453 1073 necquidquam
473 1014 571 1074 praeter
586 1014 689 1074 paucas
707 995 830 1053 sarcinas
847 992 905 1084 def
993 994 994 1011 ¹

228 1072 380 1134 sideramm
400 1092 452 1135 est.
475 1074 574 1135 Deleri
592 1074 685 1153 potuit
700 1072 860 1142 exereitus,
877 1093 904 1132 st

226 1152 289 1227 quis
300 1173 381 1212 ausus
391 1155 586 1223 essetvincere
601 1181 610 1217 ε
628 1151 674 1212 sed
688 1169 824 1229 perpetua
836 1152 902 1211 for-

226 1247 294 1289 tuna
309 1231 382 1309 regis
397 1234 499 1293 avertit
515 1233 580 1293 inde
590 1232 713 1293 hostem.
731 1230 779 1290 Sic
788 1229 901 1291 Grani·

160 1356 163 1362 r
224 1326 292 1367 cum
314 1326 359 1371 tot
378 1312 503 1372 millibus
519 1311 645 1390 equitum
662 1310 845 1388 peditumque
868 1309 902 1369 itr

225 1387 360 1453 ulteriore
377 1393 512 1452 stantibus
532 1392 592 1468 ripa
610 1390 770 1467 superauit:
783 1390 824 1449 sic
842 1409 900 1449 arr-

224 1466 313 1543 gustis
323 1469 351 1527 in
363 1468 472 1531 Cilicia
482 1471 598 1530 callibus
611 1486 719 1529 tantam
733 1468 901 1528 madritudi*

224 1561 294 1635 uem
308 1545 444 1610 hostium.
462 1548 595 1610 Audaciae
610 1566 744 1626 qaoque,
760 1568 816 1623 qua
831 1569 898 1607 ma·

223 1642 302 1683 xrme
325 1626 444 1706 viguit,
470 1628 544 1688 ratio
569 1628 670 1719 minui·
685 1644 798 1704 potest3
828 1628 898 1704 quia

138 1733 140 1737 ·
222 1721 369 1779 nunquam
390 1705 421 1764 in
437 1705 588 1768 discrimen
605 1723 705 1775 vemt,
728 1724 765 1765 an
785 1723 899 1768 temere

221 1780 344 1845 fecisset.
354 1784 495 1854 Mazaeus,
508 1788 571 1865 qui,
589 1785 612 1846 si
625 1783 831 1847 transeuntibus
843 1784 899 1847 fiu-

222 1879 291 1920 men
302 1866 503 1939 supervenisset
512 1886 526 1934 ,·
535 1865 702 1927 hauddubie
713 1884 898 1942 oppressurus

160 2000 162 2003 ,
218 1938 550 2018 fuitincomposit0s3in
562 1943 622 2023 ripa
639 1944 774 2013 demum,
792 1945 896 2022 etjam

218 2034 406 2094 perarmatos,
417 2021 577 2099 adequitare
586 2024 684 2101 coepit.
695 2024 779 2084 Mille
789 2023 898 2084 admer.

218 2096 289 2157 dum
299 2099 405 2176 equites
414 2097 594 2178 premiserat.
605 2102 739 2179 Quorum
748 2104 896 2180 paucitate

216 2174 384 2239 alexander
406 2181 578 2258 explorata,
599 2182 699 2242 deinde
720 2199 896 2253 contemta,-

215 2257 378 2330 praefectum
394 2258 530 2321 Paeonum
547 2261 674 2337 equitum
689 2262 826 2322 Aristona
843 2260 896 2321 la*

148 2346 151 2352 ·
218 2332 299 2393 rearis
315 2332 430 2395 habenis
443 2336 536 2397 invehi
551 2340 639 2417 jussit.
656 2340 776 2432 insignis
788 2360 825 2400 eo
844 2343 893 2403 die

217 2431 312 2492 pugna
323 2415 469 2491 equitum,
483 2435 512 2478 et
522 2419 658 2496 precipue
668 2420 809 2481 Aristonis
819 2420 892 2483 firitr

219 2492 380 2567 prefectum
388 2496 525 2573 equitatus
533 2497 892 2576 PersarumSatropatrm,

218 2569 324 2632 directa
337 2573 367 2631 in
382 2591 494 2654 gutture
508 2575 585 2636 hasta
601 2578 760 2650 transfixit3
777 2578 892 2659 fugien-

218 2665 333 2733 temque
346 2673 398 2733 per
408 2653 517 2724 medios
528 2655 624 2721 hostes
638 2674 830 2730 consecutus,
852 2679 890 2721 ex
