2002 3636
227 291 267 340 απ
332 279 361 334 J.
395 280 586 334 FREINSH·
621 279 813 331 supplan.

230 369 364 422 decederet
378 385 386 421 ι
402 367 566 419 Macedonicae
582 367 699 418 factionis
715 368 828 419 homines
842 368 907 418 urhe

229 438 354 502 pellerent
365 455 372 487 τ
383 451 409 488 et
419 434 608 488 Atheniensium
619 435 703 499 copias
712 437 744 486 eb
754 436 904 500 reciperent·

229 505 270 554 At
284 504 438 581 Philippus
430 503 558 568 inopinata
573 504 744 552 Thebanorum
760 503 905 554 defectione

228 571 430 650 turbatusmagis
445 589 516 636 quam
531 569 650 628 territus,
670 585 782 620 insistere
791 569 904 621 destina

225 637 263 689 tis
272 655 322 689 non
333 639 427 689 omisit.
435 639 540 690 Duobus
548 637 645 692 levibus
652 637 745 699 proelna
754 636 905 695 commissis,

227 722 284 756 tum
294 705 459 757 Athenienses
472 721 598 755 successus
614 720 666 754 non
680 705 825 768 poeniterets
844 720 905 753 tan

227 775 286 823 dem
312 773 409 839 utrique
426 774 460 823 ad
477 773 634 823 Chaeroneam
657 771 761 822 Boeotiae
782 769 904 835 oppidum

226 840 393 892 totisviribus
404 842 548 891 consedere.
555 842 657 890 Graecos
666 841 753 888 &cora
765 842 883 899 majorum
892 874 903 896 ,

225 922 320 958 etcura
329 907 453 959 libertans
461 908 643 958 accendebant
654 907 783 971 Philippus
793 920 905 971 egregiis

225 974 327 1039 copiis,
344 991 431 1040 totque
440 976 563 1024 bellorum
573 972 710 1023 victoribus
719 975 819 1024 fidebat
835 977 866 1023 ln
875 988 906 1022 co

226 1059 328 1108 quoque
347 1060 396 1092 non
415 1056 498 1105 parurn
516 1040 636 1090 momenti
654 1041 814 1098 collocabat,
833 1038 905 1106 quod

227 1109 397 1185 imperatoriis
406 1107 515 1157 artibus
507 1124 560 1171 ipae
571 1108 739 1171 precelleret,
756 1110 903 1158 Graeeorunt

226 1175 417 1226 celebratissimi
431 1177 524 1225 duces
517 1193 565 1236 >arn
580 1176 743 1225 decesserant.
760 1177 905 1240 Theagenes

227 1242 351 1293 Thebanis
367 1256 486 1307 praerat,
510 1242 612 1292 modico
630 1241 723 1291 militia
740 1259 799 1300 usu,
821 1257 903 1307 nequo

226 1309 288 1359 satis
304 1308 388 1359 firmus
404 1311 520 1360 adversas
537 1309 666 1373 pecuniam
685 1326 693 1359 z
710 1308 903 1360 Atheniensium

226 1393 342 1457 quoque.
351 1377 528 1441 imperatorum
555 1376 675 1426 virtutem
693 1390 764 1441 atque
784 1375 904 1440 peritiam

227 1444 282 1506 ipse
305 1445 386 1494 aniano
406 1461 498 1522 usuque
517 1459 596 1493 rerum
614 1445 690 1508 longe
708 1443 825 1495 anteibat.
852 1445 903 1495 Sed

225 1513 333 1562 dumont
343 1512 483 1577 potentium
496 1509 670 1575 populorum
659 1526 685 1559 ιιι
694 1524 769 1561 unum
779 1525 905 1561 conuersa

228 1578 316 1638 vires,
331 1588 435 1644 quorum
457 1577 629 1629 auctoritatem
651 1576 777 1627 Corinthii
801 1594 904 1643 qaoque.

226 1645 322 1710 aliique
336 1643 539 1710 sequebantur,
531 1647 783 1716 emmeramensem,
798 1645 902 1697 minima

227 1712 299 1763 unius
315 1712 365 1762 diei
375 1730 417 1777 par
419 1729 462 1771 te,
482 1715 513 1762 de
523 1711 602 1775 oaplre
616 1704 769 1776 fortunisque
784 1712 903 1790 omnibns

225 1779 386 1831 dimicaturo.
402 1783 441 1830 Ne
455 1781 626 1830 Thebanorum
640 1778 738 1843 quidem
752 1779 877 1843 principes
887 1799 902 1830 a

224 1849 295 1912 pacis
317 1848 429 1898 consiliis
450 1848 629 1907 abhorrebant3
648 1847 691 1896 scd
709 1847 903 1900 Atheniensium

225 1916 302 1964 ardor
322 1915 417 1971 evicit,
437 1930 465 1965 ut
486 1930 571 1964 omnes
594 1913 694 1965 Graecis
713 1929 768 1978 spes
789 1931 901 1980 opesque

227 1980 298 2030 anius
313 1981 395 2044 proelii
412 1985 513 2031 fortunar
529 1980 739 2045 permitterentur.
757 1982 902 2032 Alexander

225 2047 302 2097 etiarn
321 2048 468 2099 immodicus
479 2048 556 2099 animi
577 2049 713 2098 testabatur
729 2063 843 2112 patrem,
867 2066 901 2101 no

226 2131 321 2165 tantam
338 2116 422 2181 gloria
438 2116 593 2167 occasionem
606 2116 740 2165 emanibus
755 2115 817 2165 elabi
831 2116 902 2167 sine-

225 2197 288 2232 ret:
304 2198 382 2245 toque
395 2186 493 2233 tandem
510 2183 635 2246 impulso,
652 2182 745 2246 primns
757 2183 784 2231 in
800 2185 899 2235 hostem

225 2248 346 2312 impetum
356 2250 425 2299 fecit.
439 2252 574 2313 Pugnatum
584 2265 622 2299 est
632 2249 720 2299 acriter
731 2250 842 2314 ambigua
852 2252 901 2303 diu

226 2316 349 2372 victoriae
369 2318 447 2366 donec
462 2309 623 2375 adolescens,
640 2318 714 2383 quenl
722 2334 777 2367 tum
791 2319 900 2369 delectis

225 2380 299 2433 alteri
316 2401 434 2434 cornuum
451 2388 590 2447 prefecerat
606 2400 693 2448 pater,
712 2401 803 2434 summa
821 2387 901 2437 animi

226 2449 365 2514 viriumque
375 2453 535 2503 contentione
545 2450 678 2530 connixus,
690 2468 757 2501 sacra
767 2454 902 2503 Thebano-

224 2532 280 2567 τιιιιι
295 2518 420 2597 cohorte,
437 2537 488 2585 quae
505 2537 536 2569 ex
550 2519 652 2595 optimis
667 2520 813 2579 constabat,
834 2522 900 2571 loco

225 2599 313 2643 mota,
327 2584 439 2636 victorie
451 2587 516 2637 viam
527 2585 632 2650 apernit.
647 2587 711 2634 Nam
721 2600 747 2636 et
755 2587 901 2638 Athenien-

226 2667 265 2701 ses
278 2651 402 2703 sociorum
419 2654 555 2704 calamitate
571 2651 659 2709 fracti,
677 2666 783 2717 aertttque
800 2670 825 2704 et
840 2658 903 2707 vul·

225 2718 324 2771 neribus
340 2720 436 2792 fatigati
448 2755 456 2781 ,
469 2736 520 2773 non
536 2719 641 2786 amplius
657 2717 793 2773 sustinuere
809 2723 903 2776 Maco-
