1958 3630
264 229 321 287 n.
447 219 491 300 Q.
530 216 770 282 conrrt

263 318 352 385 labori
363 362 373 390 ,
390 340 441 380 nec
449 319 571 401 periculo
582 337 720 399 parceret.
731 319 825 410 Igitur
834 319 943 399 raptim

263 421 368 483 agmen
390 421 485 461 cursus
505 400 597 480 magis
614 420 700 476 quam
720 398 829 460 iunctis
848 400 943 461 modo

263 481 341 543 ducit
356 504 365 541 ε
377 500 413 540 ne
423 498 563 539 nocturna
573 477 688 556 quidem
695 478 791 556 quiete
803 478 943 540 diurnum

262 562 394 622 laborem
406 560 562 619 relaxante.
575 559 673 635 Itaque
684 556 842 637 quingenta
852 560 944 629 stadia

264 640 402 719 processit
416 662 425 699 ε
440 653 664 715 perventumque
682 653 744 696 erat
760 639 791 697 in
812 636 917 699 vicum
933 677 945 707 ‚

264 721 295 779 in
307 719 495 796 quoDurium
506 717 605 777 Bessus
616 714 886 792 comprehenderat.
901 717 944 777 lbi

264 800 368 861 Melon
386 796 468 859 Darii
485 795 620 874 interpres
635 793 789 872 excipitur.
807 793 945 872 Corpore

225 934 229 942 .
265 898 340 959 aeger
356 896 415 936 non
425 892 555 954 potuerat
566 893 668 966 agmen
679 873 776 951 sequi,
792 890 824 934 et
839 873 943 952 depre-

171 972 177 976 ·
265 956 368 1019 hensus
383 955 528 1016 celeritate
541 973 634 1035 regis,
650 953 825 1045 transfugam
837 973 869 1012 se
886 973 944 1014 esse

265 1036 427 1097 simulabat.
439 1033 484 1094 Ex
496 1032 553 1093 hoc
564 1050 627 1093 acta
636 1049 800 1112 cognoscit.
807 1031 866 1091 Sed
875 1031 949 1092 fati-¹

264 1115 337 1199 gatis
354 1113 510 1175 necessaria
519 1112 598 1190 quies
613 1129 685 1172 etat.
703 1111 803 1188 ltaque
821 1110 943 1172 delectis

266 1192 394 1269 equitnm
404 1211 453 1252 sex
463 1191 606 1259 millibus,
621 1207 781 1260 trecentos,
795 1210 871 1268 quos
883 1187 945 1252 Dr'·

265 1269 380 1331 mochus
391 1270 556 1348 appellant,
577 1269 704 1352 adjungit
715 1267 821 1330 edorso
832 1267 863 1327 hi
875 1289 944 1349 gra·

264 1349 348 1411 viora
363 1369 444 1410 arma
455 1352 626 1427 portabant,
644 1367 771 1410 ceterum
787 1347 870 1425 equis
891 1367 942 1410 ve-

265 1426 406 1490 hebantur
426 1451 437 1503 3
460 1448 527 1489 cum
547 1448 590 1488 res
613 1427 749 1505 locusque
771 1445 943 1504 posceret,

260 1506 398 1586 pedestris
412 1506 486 1569 acies
496 1525 568 1569 erat.
581 1505 651 1567 Haec
663 1520 793 1588 agentern
808 1505 943 1567 Alexan·

265 1587 349 1649 ritum
364 1589 468 1649 adeunt
478 1585 602 1648 Orsillos
611 1602 640 1646 et
652 1583 874 1663 Mythtacenes3
895 1583 948 1663 qui

264 1664 342 1728 Bessi
350 1665 534 1744 parricidium
543 1665 623 1726 exosi
636 1663 859 1745 transfugerant3
869 1684 947 1726 nun·

265 1744 447 1824 tiabantque,
470 1742 595 1805 studiat>
607 1741 704 1804 obesse
716 1743 821 1804 Petras
830 1761 844 1816 ,·
864 1742 946 1826 ipsos

264 1822 379 1886 brevius
388 1825 443 1886 iter
457 1840 671 1885 monstraturos.
689 1820 795 1884 Gratus
813 1823 878 1904 regi
891 1822 944 1884 ad·

263 1919 366 1966 rentus
374 1903 580 1994 transfugarum
589 1901 763 1980 fuit.1taque
772 1901 867 1980 prima
879 1922 945 1965 ves-

262 1998 333 2060 pera
349 1982 463 2043 ducibus
478 1982 579 2042 iisdem
593 2001 660 2042 cum
669 1981 799 2059 expedita
810 1981 945 2059 equitum

263 2078 353 2122 manu
367 2076 556 2123 monstratam
571 2060 650 2122 viam
665 2060 845 2143 ingreditur;
869 2059 946 2140 pha-

263 2139 372 2220 lange,
402 2158 531 2219 quantum
554 2135 696 2215 festinare
716 2155 838 2220 posset,
861 2138 948 2216 sequi

262 2218 351 2297 jussa.
362 2220 424 2297 Ipse
440 2219 575 2295 quadrato
590 2219 709 2299 agmine
721 2219 882 2289 incedens,
905 2219 950 2281 ito

262 2317 376 2357 cursum
387 2300 523 2377 regebat,
545 2316 579 2360 ut
585 2297 670 2375 primi
681 2298 950 2379 conjungiultimis

263 2394 389 2452 possent.
398 2376 463 2438 Ccc
481 2376 568 2438 stadia
582 2395 795 2455 processerant,
808 2398 882 2439 cum
893 2399 951 2441 oe·

262 2455 838 2535 curritBrocubelnsMazaeifilius,Syriae
846 2479 954 2536 quon-

263 2532 329 2593 dam
339 2551 450 2611 pretor.
463 2536 490 2596 Is
500 2556 613 2614 quoque
623 2536 766 2617 transfuga
777 2538 948 2609 nuntiabat,

171 2648 175 2651 ·
263 2609 382 2677 Bessum
392 2611 465 2678 toto
483 2613 601 2697 mplius
613 2632 694 2697 quam
715 2637 751 2680 cc
769 2614 875 2683 stadia
892 2617 956 2689 obt·
