1962 3632
258 278 311 355 138
434 266 759 350 messian

253 369 407 435 multitudo
419 388 572 450 conspecta
588 386 640 433 est.
655 371 738 452 ignes
749 368 852 432 deinde
864 372 941 437 totis

253 454 363 532 eampis
372 453 518 512 collucere
529 469 690 529 coeperunt,
703 451 859 529 omniaque
870 457 935 516 vel-

253 549 286 592 ut
304 532 464 593 continenti
480 532 614 592 incendio
631 529 728 590 ardere
748 531 807 592 visa
831 554 841 591 s
861 540 934 595 enni

252 610 399 671 incondita
409 611 584 681 multitudo,
601 610 729 670 maxime
746 628 863 689 propter
880 612 934 690 ju·

253 710 352 752 menta
370 691 462 751 laxius
477 691 614 752 tenderet.
628 690 724 766 Itaque
742 707 772 747 eo
790 684 852 769 ipso
869 689 935 752 lose

252 770 353 830 metari
374 788 439 829 suos
461 778 561 830 castra
577 771 715 848 jusseram
730 769 828 838 letus,
850 771 930 848 quod

254 850 338 909 omni
344 849 524 927 expetiverat
533 868 605 912 voto
615 886 626 916 ,
638 849 668 907 in
679 847 737 908 illis
744 848 930 924 potissimum

252 949 289 987 an
331 930 390 990 stiis
407 928 613 989 decernendum
628 948 698 988 esse.
716 928 853 988 Cetemm
863 970 874 998 ,
894 948 934 992 stt

252 1026 287 1068 so
300 1027 328 1068 er
341 1008 403 1069 fieri
415 1049 427 1077 ‚
448 1028 513 1067 cum
524 1008 618 1068 ultimi
633 1005 798 1067 discriminis
812 1024 932 1085 tempus

251 1087 408 1159 adventar3
428 1086 458 1146 in
481 1085 702 1147 sollicitudinem
720 1106 799 1146 versa
819 1086 928 1149 fiducia

251 1184 304 1227 est.
317 1166 402 1225 Illam
415 1165 506 1241 ipsam
522 1166 686 1245 fortunam,
710 1186 765 1242 qua
781 1167 930 1244 aspirante

244 1246 295 1305 ies
304 1262 364 1304 tam
376 1256 510 1321 prospere
522 1260 664 1326 gesserat,
677 1247 826 1306 verebatur
837 1267 847 1317 ;
868 1266 926 1309 nee

249 1323 374 1401 injuria,
393 1342 429 1384 ex
444 1324 489 1383 his
508 1345 568 1401 quae
584 1324 723 1384 tribuisset
740 1323 812 1392 sibi,
833 1344 927 1402 quam

249 1402 394 1463 mutabilis
404 1421 493 1471 esset,
505 1405 663 1481 reputabat-i
674 1401 766 1463 Unam
775 1421 928 1483 superesse

249 1498 381 1552 nostem,
419 1501 461 1542 ssae
481 1482 555 1542 tansi
575 1480 746 1542 discriminis
766 1500 928 1544 moraretur

248 1577 387 1623 eventurn.
402 1502 508 1623 iiursus
521 1563 705 1629 occurrebat,
722 1560 828 1641 majora
842 1562 926 1642 peri·

248 1637 321 1699 salis
333 1641 449 1720 premia
465 1664 476 1701 s
495 1657 522 1700 et
537 1640 612 1700 sicus
630 1637 740 1699 dubium
759 1656 861 1709 esset,
883 1661 925 1702 an

247 1717 373 1797 sinceres
382 1739 396 1791 ;
415 1717 536 1781 isailluei
546 1718 638 1797 usique
650 1734 752 1778 centurn
763 1738 844 1789 esse,
866 1717 924 1779 iro-

247 1813 350 1867 nesse,
374 1815 403 1858 et
429 1818 490 1858 cum
515 1817 616 1877 magna
641 1796 721 1857 laude
746 1797 923 1862 moriturum.

246 1875 347 1953 Itaque
368 1894 478 1958 corpora
500 1876 605 1951 milites
626 1896 723 1937 serare
742 1878 848 1953 jussit,
882 1899 922 1939 ac

245 1950 348 2013 deinde
365 1956 447 2014 terris
462 1955 564 2033 vigilia
584 1955 733 2015 instructos
750 1973 778 2015 et
794 1974 923 2018 armatos

246 2048 320 2093 esse.
335 2032 401 2110 Ipse
411 2034 442 2092 in
458 2033 557 2114 jugum
567 2035 636 2094 editi
643 2035 748 2094 montis
763 2035 890 2096 aseendit
907 2077 921 2107 ‚

243 2108 398 2191 multisque
407 2113 722 2173 collucentibusfacibus
730 2115 821 2191 patrio
830 2130 921 2178 mere

243 2188 413 2252 sacrificium
423 2190 487 2253 Diis
495 2193 654 2270 praesidibus
663 2192 725 2253 loci
731 2194 808 2254 fecit.
826 2193 918 2259 Jam-

215 2306 218 2311 ·
244 2272 785 2348 quesertium,sicsrrprasceptumerat‚
798 2273 922 2353 signum

243 2350 311 2407 tuba
321 2348 404 2410 miles
416 2366 585 2427 acceperat,
600 2351 692 2410 itineri
703 2351 786 2412 s‘nnul
797 2371 919 2428 paratus

243 2444 274 2486 et
297 2428 396 2507 prelio
415 2448 429 2489 r
448 2446 609 2507 menseque
640 2430 706 2507 jussi
725 2430 877 2511 procedere
907 2471 925 2505 a

240 2505 357 2567 oriente·
376 2508 441 2571 lnce
464 2511 653 2586 pervenerunt
676 2509 710 2568 ad
735 2510 880 2589 angustias
903 2555 919 2584 ,

241 2584 918 2669 quasoccupareeeereverannflanmnigrare
970 2594 971 2613 i

236 2662 420 2729 insie'stadin
448 2664 546 2728 messe
572 2667 707 2747 premissi
733 2668 951 2741 indicabant„
