1962 3632
221 274 414 345 uruat
453 278 546 345 rrr.
670 304 724 362 ης

52 378 136 443 ricula
150 399 248 460 petere
257 400 415 461 creperum.
425 381 590 452 Ptaefectus,
606 386 685 462 quari
698 405 728 448 et

54 461 109 538 ipse
125 461 300 523 conterritus
318 462 473 531 simulans,
498 479 598 524 cuncta
619 484 727 540 pavore

53 544 260 618 compleverat.
283 540 424 608 Jacebant
443 542 511 602 totis
529 542 637 619 campie
656 565 726 621 oper

54 620 153 701 regia:
164 622 217 680 illa
232 620 356 698 pecunia
373 621 513 698 stipendio
525 620 634 703 ingenti
644 625 726 684 mili·

52 714 109 759 tum
129 717 289 778 praeparata
305 722 314 760 ε
333 700 383 760 ille
405 700 496 761 cultus
517 714 563 760 tot
584 702 725 764 nobilium

53 778 178 840 vitorum
190 803 201 853 ς
216 795 263 839 tet
274 778 427 841 illustrium
436 780 608 840 feminarum
620 800 631 841 t
641 801 726 845 aurea

53 877 114 918 vasa
126 881 135 918 r
149 859 229 920 aurei
245 858 321 919 freni
332 882 341 918 ε
354 860 535 920 tabernaeula
552 860 642 939 regali
659 880 724 920 rna-

53 937 215 1017 gnificentia
232 956 335 999 ornata
349 962 358 999 ε
372 936 505 1000 vehicula
516 951 630 1015 quoque
642 960 658 998 a
672 938 726 1000 tuit

54 1017 202 1088 destituta,
219 1018 344 1099 ingentis
356 1017 507 1095 opulentiae
518 1017 615 1095 plena.
630 1016 729 1080 Facies

54 1097 139 1157 etiam
151 1099 340 1177 praedantibus
354 1098 458 1165 tristis,
476 1096 564 1175 siqua
576 1116 620 1159 res
631 1097 727 1160 avari·

53 1176 118 1237 tiam
135 1194 312 1240 moraretur.
322 1176 440 1255 Quippe
455 1193 499 1237 tot
515 1177 724 1248 annorumjn·

52 1256 175 1317 credibili
188 1276 218 1318 et
231 1256 320 1318 fidem
329 1256 483 1317 excedente
493 1255 606 1318 fortuna
624 1276 726 1318 cumu-

52 1335 127 1408 lata,
148 1354 220 1397 turre
238 1337 295 1398 alia
313 1335 442 1414 stirpibus
457 1337 602 1406 lacerata,
625 1337 680 1397 alia
694 1336 724 1397 in

54 1435 162 1478 erenum
175 1416 306 1477 demersa
319 1417 506 1477 eruebantur:
520 1433 580 1476 non
596 1414 721 1479 sufficie·

54 1495 116 1556 bant
134 1496 326 1575 praedantiutn
348 1515 448 1555 manus
467 1494 575 1574 praedat.
601 1494 726 1575 Jamque

54 1576 182 1637 etiamad
196 1595 270 1645 eos,
286 1576 335 1652 qui
342 1574 428 1652 primi
438 1574 589 1656 fugerant,
605 1591 726 1636 ventum

53 1672 127 1715 erat:
140 1654 261 1716 feminae
271 1657 410 1732 pleraeque
421 1675 524 1732 parvos
534 1651 675 1715 trahentes
686 1653 724 1713 li·

52 1733 128 1794 beros
138 1734 243 1804 ibant,
260 1733 335 1796 inter
344 1755 411 1812 quas
422 1752 476 1794 tres
488 1734 566 1794 fuere
577 1733 702 1813 virgines
714 1771 727 1802 ‚

53 1811 146 1882 Ochi,
164 1814 219 1892 qui
229 1834 296 1874 anre
305 1813 427 1874 Darium
437 1828 604 1893 regnaverat
614 1851 624 1882 ,
636 1812 723 1880 filiae,

54 1892 118 1952 olim
128 1895 252 1971 quidem
261 1914 297 1955 ex
305 1893 417 1974 fastigio
426 1909 546 1971 paterno
556 1911 651 1952 retum
660 1911 728 1951 rnu-

54 1973 153 2035 ratione
175 1974 329 2045 detracta3
355 1972 402 2033 secl
422 1991 484 2034 turn
501 1988 607 2032 sertem
625 1990 726 2033 earum

53 2051 189 2114 enudelius
212 2068 384 2134 aggravante
408 2050 533 2113 fortuna.
564 2052 598 2111 ln
619 2049 725 2111 eodem

82 2152 129 2214 ege
149 2155 231 2196 uxor
249 2152 364 2211 quoque
385 2132 512 2207 ejusdem
532 2129 613 2190 Ochi'
633 2129 686 2187 fuit
710 2168 726 2197 ,

52 2150 244 2291 gentisque
257 2217 271 2287 (
283 2213 368 2272 frater
379 2211 425 2271 hic
446 2227 506 2273 erat
517 2206 623 2278 Darii)
636 2203 696 2265 filia
712 2244 726 2277 ‚

52 2309 77 2350 et
86 2291 482 2373 conjuxArtabaziprincipis
491 2303 726 2367 purpuratorum,

54 2370 158 2435 etfilius
175 2411 186 2443 ‚
209 2371 260 2434 cui
270 2367 377 2431 Ilioneo
392 2369 445 2430 fuit
462 2387 581 2442 nemen.
592 2363 723 2426 Pharna-

52 2450 108 2511 bazi
119 2471 240 2531 quoque
250 2490 261 2519 ‚
282 2450 328 2511 eui
339 2469 484 2511 summurn
495 2445 646 2525 imperium
658 2466 724 2505 rna-

52 2528 144 2592 rltimae
167 2552 228 2592 otae
250 2549 303 2589 rex
322 2527 457 2597 dederat,
479 2545 554 2586 uxor
572 2545 640 2587 cunr
657 2523 724 2583 filio

53 2627 164 2687 excepta
177 2627 243 2671 est:
258 2606 399 2668 Mentoris
412 2606 477 2667 filie
489 2623 543 2665 tres
556 2626 567 2676 ς
587 2625 622 2664 ac
632 2600 721 2690 nobi-

52 2686 146 2751 lissimi
164 2687 247 2752 ducis
268 2686 434 2749 Memnonis
454 2683 564 2768 conjux
583 2699 612 2747 et
633 2680 722 2747 uuus.
