1968 3636
242 240 440 340 ,LIBH
490 270 568 335 Ι.Χ.
686 280 747 348 '4⁷5'

25 384 27 421 ⁵
79 375 162 438 ferme
174 377 261 441 stadia
273 377 390 460 singulis
404 376 501 438 diebus
510 371 689 454 procedens,
714 389 747 433 ut

25 469 27 502 ῑ
82 459 242 536 opportunis
270 461 343 521 locis
377 456 484 536 exponi
510 455 626 518 subinde
657 453 749 533 copie

81 555 199 616 possent·
653 588 657 595 -v
733 564 738 571 ⁴

25 654 26 657 =
84 695 92 711 .
117 618 192 681 Cir.
205 617 519 681 tumnensium
532 614 563 675 in
576 612 751 695 regioneme

25 708 26 741 ἒ
83 718 177 776 inqua
194 698 341 777 Hydaspes
352 696 445 759 amnis
454 695 571 756 Acesini
590 694 751 755 committi·

25 788 27 819 ³
81 793 134 841 ntr.
144 780 221 840 Hinc
229 779 352 840 decurrit
360 779 390 838 in
399 777 471 837 finer
481 776 646 836 Sobiorum.
657 774 698 833 Hi
715 771 750 837 tle

25 868 27 875 '
83 859 199 920 exercitu
219 857 352 920 Herculis
371 856 488 935 majores
505 874 570 915 suos
587 873 650 913 erse
667 873 751 913 corn·

81 955 263 1009 memorant,
286 956 377 1017 oegros
398 934 511 996 relictos
534 950 620 1004 erse;
645 930 753 1011 cepisse

83 1016 187 1090 sedem,
198 1039 278 1098 quam
285 1016 339 1098 ipsi
348 1013 518 1076 obtinebant.
528 1013 620 1074 Pelles
628 1011 753 1072 ferarum

80 1117 130 1174 pto
140 1119 237 1171 veste3
254 1099 342 1158 clavae
353 1117 406 1174 pro
417 1095 477 1155 telo
488 1113 569 1154 etant
581 1117 590 1154 r
603 1094 753 1167 multaque

82 1177 163 1238 etiam
189 1201 257 1240 cum
285 1175 380 1237 Graeci
406 1195 502 1235 mores
530 1172 756 1240 exolevissent„

81 1259 164 1336 stirpis
173 1252 555 1336 ostendebantuestigia.Hic
564 1251 754 1313 exscensione

82 1336 150 1398 faeta
164 1361 198 1400 ce
213 1356 242 1400 et
254 1360 272 1397 ι
284 1335 371 1396 stadia
381 1334 518 1414 processit
530 1375 541 1402 ‚
552 1333 757 1410 depopulatus·

82 1437 131 1493 que
142 1420 291 1501 regionem
303 1455 313 1485 ‚
329 1416 466 1493 oppidum
477 1431 562 1489 caput
573 1414 631 1490 ejus
642 1429 756 1472 corona

82 1499 163 1576 cepit.
184 1520 224 1558 xt
238 1496 367 1577 peditum
382 1493 474 1554 millia
492 1493 548 1551 alia
565 1510 634 1572 gens
648 1494 677 1551 in
693 1489 756 1566 ripn

83 1575 225 1639 fluminum
243 1580 439 1659 opposuerat,
460 1593 546 1649 quam
565 1590 651 1631 amne
669 1586 756 1646 supe·

81 1675 140 1718 rato
152 1658 181 1718 in
196 1659 296 1740 lugam
313 1652 475 1732 compulit,
488 1650 668 1727 inclusosque
680 1668 758 1709 mue·
811 1707 815 1714 ,

81 1737 156 1798 nibus
174 1753 331 1819 expugnat.
357 1734 479 1794 Puberes
498 1730 637 1790 interfecti
650 1743 755 1795 sunt„

80 1819 161 1878 ceteri
183 1820 347 1881 venierunt.
371 1813 503 1872 Alteram
529 1808 630 1868 deinde
655 1810 757 1868 urbem

79 1915 235 1981 expugnare
247 1896 381 1972 adortus,
392 1910 552 1971 magnaque
564 1887 595 1949 ui
603 1886 760 1955 defenden-

78 1977 146 2038 tium
162 1981 283 2057 pulsus‚
305 1973 412 2033 multos
433 1969 628 2031 Macedonum
648 1965 759 2029 amisit.

79 2054 130 2117 Sed
143 2079 208 2119 cunr
220 2059 253 2119 in
265 2052 413 2115 obsidione
424 2064 648 2128 perseverasset,
672 2045 758 2123 oppi-

79 2134 139 2197 dani
149 2139 295 2216 desperata
303 2134 391 2193 salute
400 2132 497 2212 ignem
505 2128 650 2204 subjecere
662 2124 756 2192 tectis,
830 2177 832 2184 .

79 2236 107 2275 se
119 2240 233 2296 quoque
247 2237 280 2275 ac
295 2213 401 2273 liberos
414 2207 608 2289 coniugesque
619 2199 760 2265 incendio

79 2315 216 2360 cremant.
242 2292 331 2372 Quod
343 2311 409 2352 eum
420 2289 473 2366 ipsi
484 2303 642 2368 augerent,
660 2281 758 2343 hostes

78 2378 294 2459 extinguerent,
306 2392 383 2432 nova
393 2370 487 2430 forma
497 2386 599 2447 pugnae
609 2381 680 2424 eret.
690 2362 760 2425 Dn-

80 2452 172 2518 lebunr
186 2456 289 2518 incola:
304 2453 404 2512 urbem
416 2470 425 2520 3
442 2446 538 2506 hostes
548 2444 756 2505 defendebann:

77 2535 149 2596 odeo
163 2539 252 2597 etiarn
268 2547 374 2593 naturae
389 2529 451 2608 jura
465 2526 575 2587 bellurn
590 2526 621 2586 in
637 2538 756 2584 contrat·

78 2614 151 2675 rium
162 2631 267 2678 mutat.
278 2613 340 2674 Arx
351 2627 410 2672 erut
418 2606 513 2685 oppidi
521 2605 644 2671 intacta,
659 2602 689 2660 in
699 2616 756 2677 qua

78 2696 236 2773 presidium
246 2690 395 2770 dereliquit
404 2711 414 2754 t
424 2687 485 2769 ipse
494 2684 614 2767 nauigio
630 2680 755 2747 circumc
