1958 3630
1 436 4 448 .
65 379 747 477 pariicidaeetpradicaritamalsaqniessomni?

1 491 4 528 ε
68 467 210 530 Scelerati
227 472 398 533 conscientia
413 472 584 557 obstrepente
602 498 663 538 cum
679 476 745 538 dar·
793 528 798 534 ,

1 575 2 580 1
71 549 141 607 mire
159 550 363 629 nonpossin13
383 552 493 631 agitant
505 553 667 630 easfuriae,
689 576 748 623 non

72 625 197 704 cogitata
210 627 310 697 modo,
331 629 382 689 sed
394 649 420 690 et
431 644 615 693 consummato
625 635 747 715 pattici·

29 762 31 767 .
71 703 131 764 div.
142 703 187 764 At
196 705 264 765 niti
275 707 449 769 securitatem
457 711 576 791 primurn
587 712 747 777 innocentia

71 801 161 853 mea,·
186 782 285 844 deinde
305 784 404 847 dextra
421 806 469 848 tua
490 789 642 850 obtulerant
661 818 671 852 s
691 813 746 854 nan

29 931 30 934 Ἴ
70 860 178 931 timui,
204 883 239 922 ne
253 861 316 944 plus
333 864 433 926 aliena
449 867 607 928 crudelitati
625 870 696 947 apud
718 889 746 932 te

67 935 171 999 liceret
178 979 190 1008 ,
203 961 282 1019 quam
292 942 445 1005 clemencia
455 964 519 1009 iuoe.
531 946 587 1008 Sed
597 969 632 1008 ne
642 966 669 1007 te
678 947 747 1010 milti

70 1017 230 1078 credidisse
240 1021 394 1100 puniceas,
412 1043 457 1083 res
474 1025 510 1085 ad
521 1046 564 1087 me
575 1025 747 1102 deferebatur

69 1117 88 1157 a
97 1114 202 1176 puero,
214 1099 324 1177 quinon
335 1117 433 1162 testem
444 1143 455 1171 ‚
469 1124 523 1165 non
531 1105 634 1186 pignus
645 1104 746 1181 indicii

68 1173 205 1237 extitere
219 1195 345 1256 poterat,
366 1179 527 1259 impleturas
540 1203 633 1245 amnes
650 1184 746 1256 metu,

68 1255 98 1313 si
118 1254 249 1335 caepisset
267 1256 371 1318 audiri.
389 1258 530 1322 Amatoris
543 1281 570 1323 et
585 1265 676 1333 scorti,
693 1265 747 1325 'ur-

65 1333 120 1412 gia
141 1332 378 1415 interponi'aures
398 1358 474 1399 meas
493 1341 598 1402 credidi
618 1287 742 1420 infelix,

68 1428 99 1470 et
107 1409 202 1490 fidem
221 1413 280 1490 ejus
296 1432 450 1494 suspectam
476 1418 580 1490 dabui,
602 1422 671 1500 quad
688 1444 743 1483 non

68 1489 134 1570 ipse
151 1487 294 1566 deferret,
317 1492 366 1553 scd
371 1491 490 1570 fratrem
500 1500 591 1577 potius
606 1499 742 1561 suborna-

69 1586 127 1631 ret.
143 1568 258 1638 Timui,
279 1592 316 1630 ne
326 1592 439 1652 negaret
451 1576 597 1637 mandasse
608 1598 639 1638 se
652 1578 743 1640 Ceda-

68 1645 130 1707 lina
141 1667 155 1720 ‚·
178 1666 206 1707 et
216 1668 265 1738 ega
278 1649 388 1710 uideres
400 1653 494 1715 multis
505 1657 653 1719 amicorum
665 1658 741 1738 regis

61 1724 163 1802 fuisse
173 1725 294 1805 periculi
306 1748 400 1793 causa.
413 1729 463 1793 Sic
474 1754 575 1813 quoque
590 1752 649 1795 cum
661 1735 743 1797 lase-

67 1804 287 1876 timentium,
299 1808 409 1878 inveni,
423 1812 467 1889 qui
478 1813 572 1873 mallet
578 1815 667 1893 perire
679 1836 741 1886 me,

68 1903 151 1963 quam
168 1883 328 1945 incolumem
347 1907 419 1950 esse.
437 1887 516 1970 Quid
533 1891 742 1954 inimicitiarum

68 1961 189 2023 creditis
201 1983 377 2044 excepturum
380 1964 497 2041 fuisse,
515 1969 541 2030 si
559 1971 683 2031 insontes
698 1969 742 2032 la-

68 2041 244 2103 cessissem?
263 2042 303 2103 At
322 2044 395 2105 enim
412 2047 540 2130 Dymnus
559 2070 591 2109 se
610 2049 741 2111 occidit?

69 2118 151 2181 Num
169 2118 256 2200 igitur
258 2119 401 2197 facturum
420 2148 478 2186 eum
493 2126 622 2205 diuinare
636 2129 742 2208 potui?

68 2199 196 2262 minime.
210 2196 255 2259 Itn
265 2200 334 2278 quad
347 2201 433 2264 solum
444 2203 742 2283 indiciafidemfecit,

69 2277 100 2337 id
118 2299 185 2347 me,
205 2299 266 2338 cum
280 2278 442 2343 aCelaiina
454 2281 642 2363 interpellatus
658 2304 718 2344 sum
729 2304 742 2356 ’ς

69 2365 243 2417 movere'non
251 2375 369 2438 pateras.
381 2359 420 2421 At
431 2361 559 2431 hercule,
573 2362 599 2422 si
613 2364 742 2424 cartscius.

68 2434 184 2517 Dymno
203 2436 274 2496 tanti
293 2436 410 2509 sceleris
423 2439 566 2515 fuissem,
591 2440 670 2502 diduo
689 2442 739 2504 illa

64 2513 193 2595 proditas
204 2535 266 2575 esse
282 2535 354 2584 nas,
378 2515 552 2578 dissimulare
568 2540 622 2580 nan
635 2520 740 2582 debuit

70 2591 223 2653 Cebalinus
235 2594 294 2685 ipse
309 2593 369 2655 calli
384 2593 417 2657 dt
434 2597 523 2659 medin
539 2597 612 2659 nullo
629 2598 742 2679 negotia

37 2714 42 2719 -
62 2671 167 2753 potuit.
180 2670 301 2753 Deinde
309 2672 671 2755 postdelasums'ndics'um,
688 2695 741 2756 aua
