1968 3636
222 328 277 378 '534
323 314 351 368 J·
387 312 576 367 PREINSH.
611 305 811 364 SUPPLEM·

225 408 269 455 das
285 403 353 455 urbes
370 404 508 482 opportunis
521 404 581 454 locis
595 403 686 453 exstrui
701 402 795 462 jussit,
814 418 843 453 tae
855 399 896 455 ab&

222 473 295 521 ducto
320 474 426 522 exercitu
445 471 504 534 feru
525 487 593 545 gens
610 470 767 520 obedientiam
792 486 894 522 exueret.

221 536 301 587 Motis
315 536 373 586 inde
390 537 498 593 castris,
517 551 545 586 ut
560 535 665 585 militem
679 533 844 609 expeditione
857 553 893 586 re-

220 602 289 654 centi
302 608 390 654 fessum
407 603 538 659 reficeret,
548 604 618 652 lento
624 596 729 678 agmine
743 602 893 680 Babylonem

220 672 383 735 procedebat.
397 673 500 736 Jamque
513 669 555 720 vix
570 668 673 735 triginta
689 670 720 718 ab
730 671 798 725 urbe
813 669 895 720 stadiis

221 739 326 799 aberat3
340 755 393 788 eum
402 738 528 788 Nearchus
537 736 662 794 occurrit,
679 753 752 801 quem
762 753 810 805 per
820 740 895 788 Ocea·

221 820 281 857 num
298 823 324 857 et
336 805 466 870 Euphratis
480 803 544 855 ostia
558 805 708 870 Babylonem
724 804 895 867 premiserat·

223 874 375 938 orabatque,
392 892 419 925 ne
426 874 533 939 fatalem
547 873 594 923 sibi
603 871 683 922 urbem
696 876 773 924 vellet
791 874 896 941 ingredi·

224 942 379 1008 Cotnpertnm
394 942 418 990 id
433 940 480 990 sibi
494 955 522 992 ese
538 939 674 995 centenis,
691 941 733 1004 pui
748 942 858 990 multis
844 955 894 1004 Jetn

220 1010 406 1077 predictionum
426 1009 548 1059 eventibus
569 1007 633 1055 ortis
653 1023 704 1055 suae
724 1007 895 1057 certitudinem

222 1072 316 1125 abunde
322 1075 497 1151 probavissent
515 1077 569 1124 Rex
578 1076 641 1123 sama
651 1087 738 1121 eorum
748 1072 892 1149 hominum,

222 1141 396 1219 constantique
417 1139 595 1189 asseveratione
615 1151 722 1197 motus,
745 1138 878 1190 dimissis'
872 1154 895 1187 ιιι

224 1207 309 1257 urbem
323 1207 458 1258 amicornm
472 1207 612 1272 plerisque,
632 1206 679 1255 alia
695 1206 736 1257 via
750 1222 841 1270 praeter
854 1207 896 1255 Be-
964 1216 965 1237 l

222 1274 256 1339 by
257 1275 341 1324 lonem
356 1274 443 1333 ducit,
462 1292 489 1323 ac
505 1273 616 1324 ducentis
632 1273 689 1322 inde
703 1273 794 1324 stadiis
810 1272 896 1325 stativa
964 1324 965 1331 ,

222 1292 303 1391 loycat.
322 1343 368 1392 Sed
385 1327 414 1391 ab
431 1342 579 1391 Anaxarcho
596 1351 740 1405 persuasus,
764 1336 895 1392 contemtis
964 1344 965 1409 J

221 1408 396 1460 chaldeorum
411 1408 534 1468 monitis,
553 1426 656 1473 quorum
672 1406 856 1486 disciplinans
848 1424 895 1457 sno
964 1426 965 1433 ¹

223 1489 281 1525 ιιιιιι
293 1492 333 1527 ιιι
341 1494 515 1541 supervacuam
525 1475 702 1528 arbitrabatur
715 1472 821 1527 urbem
813 1487 895 1527 intrat.

224 1543 373 1608 legationes
387 1561 417 1593 eo
433 1561 461 1594 ex
477 1560 593 1595 universo
602 1546 677 1593 ferme
691 1544 753 1593 orbe
769 1543 897 1593 confluxe·

222 1626 288 1660 rant.
299 1609 394 1672 Quibus
404 1627 449 1674 per
459 1611 597 1688 complures
605 1609 658 1659 dies
666 1609 777 1660 studiose
786 1611 893 1665 auditis.

223 1675 339 1742 deinceps
358 1679 387 1727 ad
406 1676 585 1756 Hephaestionis
603 1675 725 1754 exequias
733 1677 828 1739 adjecit
845 1672 897 1726 ani·

221 1760 298 1794 mum.
316 1746 390 1806 Quae
387 1761 481 1794 ummo
496 1742 605 1794 omniurn
618 1741 725 1793 studio
717 1758 753 1793 tta
768 1745 896 1795 celebrate

218 1825 293 1869 estne,
310 1826 337 1862 ut
351 1810 443 1862 nullius
452 1812 481 1862 ad
496 1810 628 1876 idtempus
641 1810 707 1876 regis
720 1810 826 1869 feralia,
844 1828 896 1860 rna-

219 1877 350 1956 gnitudine
359 1893 480 1929 sumtuum
490 1892 679 1943 ‚apparatusque
689 1879 835 1956 celebritate
844 1892 896 1927 non

219 1944 337 1995 vicerint
352 1946 414 1996 Post
427 1946 475 1995 baec
492 1945 605 2008 cupido
598 1944 700 1995 incessit
713 1946 764 2011 regi
778 1960 823 2019 per
838 1944 897 1993 l’al-

219 2012 334 2076 lacopam
349 2028 442 2061 amnem
455 2014 485 2062 ad
499 2013 610 2064 Arabum
622 2011 726 2062 confinia
740 1988 897 2078 bavigendi:

221 2096 270 2146 quo
288 2080 383 2130 delatus
399 2078 453 2130 urbi
469 2080 601 2129 condendae
622 2080 755 2135 commoda
775 2080 835 2129 sede
855 2095 896 2129 rt·

219 2162 292 2225 perta
302 2184 309 2206 ‚
321 2148 460 2197 Graecorum
470 2162 539 2197 etate
548 2163 589 2198 aut
598 2145 758 2198 vulneribus
750 2147 897 2202 inualidos,

220 2213 277 2263 etsi
295 2231 335 2278 qur
345 2230 432 2277 sponte
442 2229 621 2272 retnsnserant
640 2213 674 2263 ibi
690 2214 815 2264 collocat
833 2212 896 2275 Qui·

220 2280 266 2331 bus
284 2297 314 2329 ex
335 2296 402 2331 sente
405 2280 456 2331 ntia
474 2283 615 2345 perfectis'
609 2298 655 2341 Jam
676 2281 754 2330 futuri
772 2297 844 2331 secu
847 2298 895 2336 ue,

190 2397 197 2408 .
222 2345 350 2396 Cheldaeos
359 2347 494 2406 irridebat,
512 2351 571 2414 puod
582 2348 726 2415 babylonem
740 2367 789 2400 non
799 2351 896 2417 ingres·

221 2430 263 2465 sus
276 2428 372 2465 tantum
388 2432 447 2468 esset
461 2417 605 2474 incolumis,
623 2418 798 2471 verumetiam
815 2432 895 2468 essees-

220 2482 301 2532 sisset.
321 2480 453 2533 Enimvero
472 2481 606 2532 revertenti
625 2498 666 2545 per
684 2481 815 2546 paludes,
837 2495 895 2545 quas

218 2547 354 2617 Euphrates
368 2548 393 2599 in
407 2549 564 2611 Pallacopam
579 2548 666 2598 effussus
679 2547 779 2607 efficit,
797 2549 895 2598 foedum

221 2629 295 2665 omen
307 2613 416 2666 oblatum
427 2632 473 2666 est.
486 2615 584 2693 Quippe
600 2615 660 2665 rami
676 2613 799 2678 desuper'
792 2631 895 2694 snspen-

221 2682 306 2731 dentes
322 2683 457 2733 detractum
474 2681 549 2747 clpiei
565 2681 634 2748 regio
650 2681 762 2732 diadema
780 2684 895 2747 projeee·

217 2747 313 2824 sentin
327 2749 426 2807 fluctus.
442 2752 504 2805 Cum
520 2748 609 2805 deinde
625 2748 753 2816 eliasuper
769 2749 820 2801 alis
835 2765 895 2815 pro·
