2002 3636
254 264 289 314 ῃ
356 248 384 301 J.
418 242 611 300 rnnrnsn.
645 241 839 294 cunctane.

256 353 343 393 mento
363 335 487 391 sufficiens
507 333 555 383 iter
575 331 681 395 prebens
700 349 709 381 z
726 331 794 396 quod
811 329 938 383 advertas

256 420 435 476 quemcumque
450 417 578 453 numerum
592 398 721 450 hominum
734 398 776 449 tel
790 398 877 448 decem
894 411 934 449 at·
992 446 993 451 ,

256 474 319 529 mati
335 472 440 539 sepiant.
456 471 503 521 Sed
518 468 563 518 ille
575 485 622 532 qua
636 466 737 516 minime
750 463 840 529 petria
853 480 937 528 rupen
990 460 993 521 J

248 542 476 597 existimabantur,
490 536 609 586 scalarum
620 533 646 584 in
654 535 757 585 modum
767 530 849 582 exciso
858 546 934 582 tuon-
990 532 993 539 ’

244 612 291 664 'tis
301 613 369 662 Osse
382 610 478 664 latere,
497 602 628 654 circumitu
642 599 800 667 penetratit3
817 601 935 666 adeoque
992 596 993 603 ’

257 678 386 730 celeritate
399 691 440 725 sua
449 687 553 724 cunctos
562 669 695 728 exterruit,
713 684 740 719 ut
753 668 833 719 omnia
840 668 862 719 ei
874 684 937 720 vec·
992 715 993 725 ,

258 749 350 816 tigulia
363 745 498 808 reditusque
512 777 521 799 ‚
540 740 614 790 simul
629 739 749 788 universae
759 737 843 803 gentis
854 736 932 802 impe-
992 730 993 743 ¹

259 817 349 872 rium,
371 809 455 879 petibus
477 809 502 859 iti
525 805 618 874 legibus
640 806 764 872 Philippus
784 801 931 861 habuisset,

230 892 232 895 ’
257 882 330 933 nullo
346 881 396 942 iam
409 886 560 942 repugnante
576 873 773 922 decernerentur.
789 868 932 927 Phthiam,
992 866 993 875 ’

257 965 311 1015 que
320 944 416 1015 genesis
430 941 470 993 tui
480 953 607 993 auctorem
622 937 751 989 Achillem
761 936 906 1004 protulisset
920 973 932 995 ,

258 1021 389 1070 immunem
397 1029 444 1065 esst
452 1011 538 1075 jussit·
548 1011 654 1072 Eumque
667 1008 759 1058 heroem
771 1004 933 1071 expeditionis

258 1087 376 1137 adversus
390 1083 478 1131 Persas
492 1077 584 1128 socium
598 1088 668 1140 atque
679 1074 866 1126 commilitonem
885 1073 933 1122 eli-

255 1169 314 1221 gere
325 1168 348 1202 se
361 1144 435 1197 dixis.
451 1147 485 1192 Et
500 1140 626 1192 Thessalia
641 1139 819 1203 Thermopylas
834 1135 931 1200 petiit,

257 1215 386 1283 publicum
402 1210 503 1263 Gracia
519 1206 672 1264 concilium,
696 1209 823 1276 Pylaicum
840 1205 931 1268 appel·

256 1286 322 1336 lant.
343 1281 382 1334 lbi
399 1295 455 1330 cum
472 1282 586 1343 frequent
603 1291 706 1339 percos
724 1274 776 1324 dies
792 1286 932 1324 conventus

257 1365 341 1409 teret,
365 1348 490 1399 inlocum
504 1343 582 1409 patris
594 1340 807 1408 Amphictyonum
823 1339 929 1389 decreto

243 1433 367 1470 -euntmua
381 1416 525 1466 Graecorum
537 1411 673 1475 imperator
686 1424 799 1466 creatus3
818 1406 931 1458 Ambra·

257 1489 331 1539 ciotis
348 1500 429 1535 raram
444 1499 491 1537 esst
506 1480 643 1531 libertatem
657 1475 744 1539 inerit,
761 1482 830 1540 quatu
850 1489 933 1537 nuper

233 1585 235 1589 <
257 1554 362 1619 expulso
371 1549 535 1600 Macedonum
550 1542 665 1610 presidio
682 1555 827 1608 receperant
839 1558 847 1591 s
860 1544 934 1594 ultro

258 1623 410 1674 reddituram
418 1618 501 1683 fuisse
512 1612 646 1670 dictitans,
662 1613 689 1664 ni
700 1612 786 1679 paucis
799 1607 880 1661 diebus
895 1611 932 1676 ip-

258 1707 313 1741 sum
322 1685 519 1738 antevertissent.
534 1679 628 1730 Exinde
641 1677 732 1729 Thebis
743 1678 845 1731 admoto
860 1691 933 1726 ener-

250 1754 330 1812 eitu,
345 1757 470 1827 fractaque
478 1749 621 1798 Btaotorutn
630 1761 656 1797 et
664 1743 855 1796 Atheniensium
864 1759 932 1793 con·

256 1820 379 1878 annuatia,
393 1834 436 1884 qur
444 1813 532 1881 populi
549 1814 652 1864 manime
666 1811 716 1864 suia
730 1809 841 1862 consillia
849 1809 932 1866 obsti-

257 1905 357 1949 terant3
373 1905 387 1938 a
403 1888 435 1938 ud
455 1885 599 1936 Corinthum
616 1882 758 1933 Graecorum
777 1882 871 1956 legatos
888 1896 928 1931 oc-

249 1906 411 2010 ·crsrreresiii
418 1949 499 2015 justit.
510 1948 550 2000 rbi
559 1948 704 2000 confirmato
713 1946 930 2063 Anbhuctyonum

258 2025 381 2080 dcccmo,
395 2016 521 2070 communi
538 2015 649 2066 omnium
669 2029 753 2065 senten
799 2051 809 2073 ,
827 2012 854 2065 in
869 2012 930 2062 Phi-

256 2090 322 2156 lippi
340 2086 416 2154 patris
435 2086 519 2135 locum
541 2084 677 2148 imperator
692 2080 793 2133 Gracie
812 2081 934 2131 suffertur

259 2172 297 2209 est
307 2174 314 2209 t
324 2171 352 2206 et
359 2155 384 2206 in
393 2154 487 2206 bellum
495 2152 620 2202 Persicum
631 2149 719 2201 auxilia
729 2151 837 2200 decreta.
853 2151 928 2198 Forte

257 2226 286 2276 in
302 2225 391 2283 eadem
406 2223 465 2272 arbe
479 2218 606 2284 Diogenen
621 2217 726 2283 degebat
741 2252 750 2275 ‚
772 2213 815 2281 qui
830 2214 929 2281 Cynico

220 2314 225 2321 ·
256 2292 374 2343 instituto
388 2301 546 2354 spontaneam
559 2299 725 2349 paupertatem
740 2284 880 2348 amplexae,
896 2282 930 2333 li-

257 2362 343 2412 hetunt
358 2370 384 2407 et
393 2355 432 2405 ¹sui
445 2354 506 2413 iuris
516 2351 622 2402 animum
640 2348 729 2414 opibus
739 2348 853 2416 curisque
869 2365 929 2414 pra-

257 2427 359 2477 tulerat.
377 2420 543 2487 Apricabattsr
558 2417 604 2469 ille
624 2417 651 2468 in
669 2421 786 2477 Cranto,
810 2416 930 2469 Corinthi

255 2490 396 2550 suburbio,
419 2487 461 2539 ubi
475 2502 645 2551 cupressorum
661 2486 732 2536 lutus
749 2499 796 2537 ert.
811 2487 850 2535 Eo
870 2501 930 2537 tum

258 2560 400 2613 Alexander
411 2554 516 2608 ridendi
529 2556 582 2616 eiua
596 2551 719 2603 desiderio
737 2551 863 2610 venisset,
878 2569 928 2617 op-

240 2629 400 2694 'niuneanue
421 2627 515 2673 faceret
529 2638 582 2687 qua
597 2620 717 2673 velletri
734 2621 784 2688 ipso
801 2622 898 2688 petendi
913 2641 930 2684 ‚-

251 2711 382 2771 parumper
390 2691 507 2748 discedere
519 2685 592 2757 jussit
599 2702 703 2758 negem³
717 2691 829 2745 attalem
844 2688 931 2752 iustae
