1936 3644
225 225 283 300 416
377 220 448 304 ,Q
488 223 514 287 C
537 225 616 290 Uli
637 225 667 288 T
686 224 734 286 tr

228 328 408 388 obverterent
427 344 571 405 corpora,
594 347 662 388 cum
679 324 805 405 undique
825 340 896 388 tem
952 332 953 379 ἕ

214 405 340 487 ¹pestatis
352 406 490 469 uiolentia
501 407 595 484 major
606 447 617 475 ,
637 428 724 484 quam
737 407 895 476 vitabatur,
952 454 953 465 ,

227 486 895 566 occurreret.Ergoordinibussolutispertotunt
952 498 953 517 ¹

227 565 332 625 saltum
345 565 532 627 errabundum
543 585 646 647 agmen
657 564 817 638 serenatum
828 564 897 624 mul·

227 644 305 721 tique
316 643 502 723 priusmetu,
522 666 608 721 quam
625 645 725 706 labore
734 643 896 725 defatigati,

227 741 437 802 prostraverant
461 722 542 785 humi
563 744 713 801 corpora,
737 744 895 802 quanquam

228 805 352 865 imbrem
367 803 409 864 vis
422 804 533 885 frigoris
545 820 682 865 concreto
697 803 766 884 gelu
782 803 896 876 adstrir‘

229 900 319 944 xerat.
336 882 393 942 tllii
410 904 439 943 se
457 883 593 960 stipitibus
610 885 744 944 arborum
762 882 897 942 admove*

228 980 303 1023 rant.
324 961 355 1023 ld
366 962 494 1040 plurimis
508 981 536 1023 et
552 963 755 1023 adminiculum
769 980 800 1022 et
815 959 897 1022 suffit·

229 1041 311 1121 glum
321 1061 390 1102 erat.
406 1041 469 1101 Nee
481 1032 597 1103 fallebat
607 1043 681 1121 ipsos
696 1041 786 1102 morti
802 1043 896 1101 locutu
953 1060 954 1075 ¹

231 1122 357 1201 eligere,
377 1142 444 1195 cum
461 1121 625 1184 immobiles
642 1120 737 1183 vitalis
748 1122 830 1181 calor
843 1119 897 1180 liu·

251 1216 329 1259 reret
343 1221 351 1258 t
366 1199 414 1260 sed
433 1217 512 1280 grata
531 1218 591 1261 erat
612 1200 723 1283 pigritia
745 1218 896 1278 corporum

229 1221 375 1357 irrigatur
398 1297 452 1338 nec
471 1283 637 1342 recusabant
657 1279 788 1359 extingui
808 1278 896 1356 quies*

229 1358 333 1418 cendo.
348 1354 464 1435 Quippe
478 1379 538 1421 aon
555 1360 708 1422 uehemens
723 1358 839 1427 modo,
854 1354 895 1416 sel

231 1437 320 1498 etiam
334 1437 463 1513 pertinax
473 1439 513 1500 tis
525 1439 595 1500 tnali
608 1439 773 1511 insistebat3
787 1440 895 1505 lucem-

231 1536 287 1587 que
302 1514 429 1579 naturale
444 1517 577 1580 solatium
590 1536 688 1594 pretet
702 1534 897 1594 tempestatem

232 1595 306 1661 haud
315 1595 453 1671 disparem
464 1596 560 1666 nocti,
572 1597 705 1659 silvanrm
714 1615 898 1675 quoqueum·

231 1677 280 1734 bra
298 1692 496 1751 suppresserat.
511 1676 574 1739 Rex
590 1697 662 1740 unus
676 1675 751 1737 tanti
764 1675 837 1739 mali
849 1694 897 1751 pn·

232 1753 303 1814 tiens
314 1754 463 1814 circumire
476 1757 602 1826 milites,
617 1753 786 1817 contrahere
797 1756 897 1833 disper·
954 1812 955 1823 ,

230 1855 297 1901 sos,
314 1833 436 1894 allevare
448 1853 600 1911 prostratos
612 1874 622 1904 ,
642 1835 792 1896 ostendere
804 1829 896 1913 procul
954 1860 955 1871 ¹

230 1912 380 1974 evolutum
399 1932 434 1972 ex
451 1914 567 1991 tuguriis
580 1915 719 1991 firmum,
741 1914 895 1989 hortarique
953 1912 955 1957 1

230 2010 261 2048 ur
283 1989 410 2069 proxima
438 2011 548 2069 queque
574 1986 697 2085 suffitgia
723 2005 892 2073 occuparent·

229 2062 364 2129 Neculla
375 2088 417 2129 res
433 2072 524 2151 magis
537 2074 618 2133 salust
635 2073 710 2143 fuit,
726 2093 817 2150 quam
829 2065 896 2148 quoi

230 2146 422 2227 multiplicato
448 2150 548 2212 labore
571 2148 760 2214 sufficientem
785 2151 898 2216 maliss

230 2227 331 2304 quibus
342 2228 394 2306 ipsi
404 2249 563 2302 cesserant,
583 2252 612 2290 re
633 2252 681 2292 em
696 2230 827 2292 deserere
839 2249 899 2290 eru·
954 2282 955 2289 ,

230 2307 393 2367 bestebant.
418 2306 554 2371 Ceterum
573 2330 589 2373 e
620 2311 717 2371 tucior
733 2310 764 2370 in
783 2306 900 2370 adversis

231 2386 399 2453 necessitas,
413 2407 499 2462 quarn
512 2390 605 2458 satie,
622 2389 734 2471 frigoris
745 2388 901 2450 remedium

231 2464 351 2526 invenit.
370 2463 506 2528 Dolabris
523 2468 693 2530 enimsiluas
710 2488 836 2529 sternere
852 2486 900 2545 ag·

232 2543 337 2626 gressi,
354 2547 457 2620 passim
475 2569 592 2610 acervos
606 2567 748 2623 struesque
762 2546 901 2611 accende·

230 2642 305 2701 sunt.
319 2620 487 2688 Continenti
507 2625 641 2701 intenlio
658 2626 901 2703 ardereetederes
