2002 3636
158 248 208 313 riq
239 246 276 307 Q.
314 247 525 299 cuntium
558 251 585 303 r.
620 257 640 307 1.
712 274 742 314 aa

13 348 15 403 ᾗ
76 334 412 399 materissaperpetraverat,
428 339 743 404 tanquamsalutaretidus„

13 436 14 439 =
78 402 252 467 componendis
266 401 345 451 tantis
365 399 484 453 fluctibus
499 408 658 470 tempestivus
674 411 744 461 afful-

77 470 115 521 sit.
129 470 229 535 Quippe
246 466 338 519 erectis
352 466 379 517 iu
388 486 457 533 spem
473 470 593 524 libertatis
602 476 744 530 Grecoruua

77 537 173 596 muris,
190 553 256 602 quos
269 534 401 600 Philippus
418 554 592 601 oppresserat,
608 558 635 593 et
654 545 747 595 tumul.

76 604 196 656 mantibus
205 604 232 652 in
242 601 339 653 vicinia
348 603 455 654 barbaris
465 641 472 662 ‚
489 621 519 655 ne
528 608 678 660 Macedonis
691 612 746 675 qui-

77 673 127 723 dem
134 671 279 738 tranquille
289 687 328 721 res
341 685 420 720 erant.
430 672 531 722 Attalus
539 675 603 725 haud
617 677 748 753 spernendi

76 739 195 790 exercitus
206 754 320 802 precor,
334 736 467 789 ambitioso
481 739 585 804 imperio
601 761 688 795 mirum
700 743 750 795 sibi

74 810 183 858 favorem
208 807 277 870 spud
301 803 418 855 militum,
433 806 523 873 vulgus
547 809 724 861 conciliaverat
741 827 750 863 s

74 874 228 940 principibus
246 873 413 923 Macedonum
428 874 615 939 propinquitate
630 876 749 936 innexus,

77 941 147 992 etiam
158 939 270 991 Philota
283 956 396 989 sororem
412 939 459 990 sibi
475 942 658 1005 desponderat:
674 960 752 1009 neque

77 1025 133 1074 post
147 1024 233 1059 tantas
254 1006 377 1072 utrimque
392 1007 496 1059 offensas
511 1008 593 1059 inviso
613 1010 753 1076 in¹estoque

78 1076 135 1127 fides
148 1073 237 1126 haberi
252 1089 363 1139 poterat.
375 1074 513 1141 Amyntas,
528 1082 683 1141 quemfratre
694 1080 755 1129 Per-

79 1144 147 1194 dicca
160 1143 294 1209 genitum,
315 1143 372 1191 data
385 1140 413 1191 in
424 1142 607 1195 matrimonium
617 1149 686 1211 Cyna
693 1145 755 1196 Phi-

77 1210 158 1276 lippus
168 1227 290 1277 generum
304 1208 420 1275 legerat,
432 1211 462 1259 ad
473 1211 564 1273 paterni
578 1213 649 1278 regni
658 1229 756 1264 succes·

80 1278 172 1329 sionem
188 1295 236 1342 pet
254 1275 393 1326 Alexandri
411 1277 500 1327 eaedem
517 1278 645 1342 aspirabat.
660 1279 755 1346 Populi

79 1363 166 1412 magua
184 1361 246 1410 pars
260 1341 421 1410 Olympiadis
436 1344 589 1415 tyrannidem
600 1363 692 1406 exosa,
709 1346 755 1409 alii

81 1430 158 1464 rerum
167 1427 294 1463 novarum
303 1409 436 1474 cupidine,
448 1411 515 1463 varie
523 1412 548 1462 in
557 1413 620 1464 hunc
630 1429 673 1465 aut
680 1413 756 1466 illum

79 1480 236 1533 inclinabant
253 1476 360 1539 studiis,
379 1494 424 1528 nec
437 1478 541 1531 deerant
556 1480 598 1545 qui
612 1481 757 1534 Alexandro

84 1550 231 1617 AEropifilr'o
240 1547 417 1606 restituendum
426 1547 671 1617 dicerentfascigium
678 1582 687 1609 ,
695 1549 757 1614 quod

82 1619 177 1668 excluso
198 1615 313 1681 legitimo
332 1614 401 1679 regni
417 1614 514 1673 herede,
531 1613 654 1681 Amyntas
667 1616 756 1683 prius,

86 1684 166 1735 deinde
176 1682 363 1752 Philippensi
372 1697 401 1730 ac
409 1681 500 1745 fraude
515 1683 669 1735 invasissent.
684 1684 758 1732 Exer-

86 1748 148 1800 citus
164 1745 360 1813 quoquelvarris
375 1763 403 1796 ex
421 1746 562 1798 nationibus
578 1747 733 1810 compositus
750 1782 759 1807 ‚

85 1832 113 1875 ut
122 1814 210 1879 cuique
220 1812 318 1865 animus
327 1828 367 1863 aut
381 1831 435 1877 spes
445 1830 513 1873 erat,
531 1813 687 1871 discordibus
700 1829 762 1863 cou-

85 1878 347 1934 siliisetsermonibus
356 1880 502 1946 agitabatur.
516 1884 609 1933 Contra
617 1880 761 1936 Alexandro

86 1967 180 2003 novum
195 1946 346 2013 imperium,
360 1966 388 1998 ac
403 1948 485 1999 subito
502 1947 612 2014 Philippi
626 1965 683 1999 casu
696 1946 760 2000 nihil

87 2020 204 2069 adversus
220 2016 366 2080 ingruentes
389 2031 470 2066 motus
493 2015 620 2080 provisum
638 2030 691 2067 erat
708 2034 717 2067 s
735 2029 762 2068 et

86 2102 223 2151 quanquam
239 2080 334 2132 indolis
357 2082 421 2132 haud
434 2083 581 2147 poeniterct3
596 2098 652 2133 scas
664 2099 762 2145 sperne·

87 2153 171 2203 batur.
186 2149 291 2216 Viginti
303 2165 421 2199 annorum
437 2151 620 2200 adolescentem
635 2164 706 2198 tants
721 2165 763 2199 re·-

88 2236 143 2270 rum
158 2218 223 2268 moli
238 2218 355 2266 humeros
368 2217 551 2279 subiecturum
568 2232 609 2267 aut
619 2214 639 2266 si
655 2214 764 2280 recepis-

88 2304 148 2345 set,
176 2302 261 2349 parem
279 2287 388 2340 futurum
407 2300 458 2333 non
477 2284 663 2334 arbitrabantur.
681 2285 763 2336 Etiam

87 2371 180 2406 nervus
190 2351 354 2417 gerendarum
364 2367 445 2402 rerum
455 2349 558 2415 pecunia
566 2352 687 2410 defecerat
696 2368 704 2410 3
716 2369 763 2416 qua

89 2422 245 2474 abundantes
259 2419 338 2468 Persae
352 2417 380 2467 in
396 2434 494 2468 omnem
508 2421 558 2468 fere
573 2418 690 2469 Graeciam
706 2435 763 2469 cor-

88 2505 206 2553 ruptores
223 2486 344 2535 miserant
362 2502 369 2536 s
389 2499 415 2535 et
433 2501 463 2534 ne
482 2484 541 2550 quid
559 2484 629 2535 malis
647 2487 764 2546 deesset,

88 2554 247 2607 Macedouis
262 2552 387 2604 maritima
404 2550 478 2613 Tusci
498 2551 579 2616 pirate
592 2553 767 2616 depredaban-

87 2639 142 2683 tur.
154 2619 311 2674 Convocatis
325 2616 430 2678 amicis.
447 2637 502 2681 cum
514 2621 544 2670 de
558 2619 671 2687 presenti
683 2633 766 2673 rerum

88 2706 157 2747 matu
176 2687 327 2747 deliberatio
344 2685 553 2752 institutattsetl
570 2704 621 2745 ποῦ
638 2688 767 2747 desumunt
