1962 3632
198 201 397 266 LIBER
438 205 532 270 ΙΙΙ.
655 226 709 284 1¹5

44 301 284 374 Atheniensium,
307 320 459 381 petentes,
487 321 517 364 ut
540 304 614 386 capti
638 305 714 388 apud
789 334 800 356 ·

46 379 195 443 Granicum
206 381 580 444 amnemredderentursidi.
591 387 645 446 llle
656 406 712 446 non

46 456 89 519 bos
99 461 202 532 ruodo,
226 460 277 522 sed
294 460 378 522 etiam
394 480 502 522 ceteros
519 459 637 524 Grttcos
651 485 714 525 ret·-

47 538 103 598 ritui
115 541 178 599 suis
184 544 327 618 jussurum
336 542 494 617 respondit,
500 538 586 619 finito
596 541 715 604 Persico

47 615 121 680 bello.
140 619 284 679 Ceterum
305 619 397 678 Dario
420 620 598 691 imminens,
626 643 713 700 quern

47 698 170 758 nondum
180 697 344 775 Euphraten
357 718 497 775 superasse
514 718 714 780 cognoveram

47 775 166 854 undique
182 796 285 836 omnes
301 778 397 854 copias
413 776 556 838 contrahit
570 780 656 840 :totis
668 777 714 841 vi-

49 854 118 917 ribus
129 856 201 916 tanti
212 856 281 915 belli
294 855 442 916 discrimen
453 856 717 938 adimrus.Phrygia

51 952 128 1003 etat,
150 955 202 1011 pet
217 955 303 1010 quam
317 934 470 996 ducebatur
480 934 637 1007 exercitum
652 941 718 1011 plu⁴

53 1012 123 1072 ribus
138 1013 232 1081 vicis,
254 1034 340 1090 quam
351 1015 464 1074 urbibus
475 1014 614 1091 frequens.
633 1014 719 1076 Tunc

52 1088 169 1152 babebat
184 1093 330 1171 quondam
345 1094 474 1153 nobilem
491 1093 575 1153 Midae
586 1093 720 1174 regiam

53 1165 183 1231 Gordium
194 1191 304 1230 nomen
320 1188 362 1231 est
372 1171 451 1242 urbi,
467 1193 552 1249 quam
568 1171 727 1254 Sangarius,

53 1249 138 1308 amnis
159 1250 320 1318 interfluit,
341 1250 402 1327 pati
422 1251 573 1312 intervallo
594 1251 718 1313 Pontico

53 1328 192 1388 etCilicio
202 1329 277 1388 mari
291 1328 451 1389 distantem.
467 1330 544 1389 Inter
557 1329 615 1391 haec
627 1331 719 1391 maria

53 1407 279 1486 summissimum
297 1408 370 1468 Asiae
386 1408 507 1485 spatium
521 1429 580 1469 etse
597 1428 718 1486 compe-

54 1487 146 1555 timus,
152 1504 275 1563 utroque
286 1487 315 1546 in
326 1504 413 1546 arctas
425 1487 519 1549 fauces
529 1488 721 1563 compellente

54 1581 164 1627 tetram.
179 1565 256 1643 Quae
267 1565 332 1642 quia
345 1567 503 1626 continenti
518 1566 658 1635 adhaeret,
673 1564 721 1626 sed

55 1664 153 1724 magna
165 1664 204 1704 ex
214 1662 294 1721 parte
303 1644 425 1724 cingitur
434 1644 581 1713 fluctibus,
598 1644 724 1722 speciem

55 1723 146 1783 insulae
157 1727 283 1801 praebet3
297 1743 331 1783 ac
344 1724 396 1784 nisi
410 1742 494 1784 tenue
508 1723 660 1784 discrimen
670 1725 724 1782 ob·

57 1802 171 1880 jiceret,
188 1802 282 1862 maria
295 1841 304 1871 ‚
327 1824 388 1878 quae
404 1823 480 1863 nunc
495 1801 617 1870 dividit,
638 1821 725 1861 com·

58 1882 187 1943 mitteret.
204 1881 390 1951 Alexander,
408 1884 476 1950 urbe
491 1880 522 1940 in
539 1900 620 1940 suam
636 1878 725 1939 ditio·

55 1979 121 2025 uem
131 1960 266 2028 redacta,
281 1959 362 2025 Jovis
373 1961 513 2037 templum
523 1960 620 2021 intrat.
630 1957 724 2021 Vehi-
797 2027 801 2032 ,

57 2039 237 2116 culum,quo
247 2036 390 2105 Gordium
400 2039 485 2100 Midae
492 2058 602 2115 patrem
609 2055 730 2100 vectum

57 2138 115 2179 esse
134 2120 304 2186 constabat,
324 2118 451 2195 aspexit,
470 2118 549 2178 cultu
565 2115 640 2176 haud
659 2131 729 2175 sane

57 2219 76 2257 a
98 2198 265 2265 vilioribus,
286 2198 463 2276 vulgatisque
486 2217 537 2260 usu
561 2193 731 2257 abhorrens.

57 2274 194 2339 Notabile
215 2291 278 2336 etat
296 2276 395 2356 iugum
410 2276 554 2337 astrictum
570 2272 729 2350 compluri-

57 2357 108 2414 bus
122 2355 203 2415 nodis
218 2355 250 2413 in
264 2354 429 2433 semetipsos
440 2352 616 2430 implicatis,
639 2371 668 2411 ct
677 2363 731 2412 cei·

58 2433 179 2501 lantibus
196 2453 300 2496 nexus,
321 2434 426 2496 Incolis
444 2432 544 2492 deinde
562 2429 729 2492 affirmanti-

59 2513 128 2581 bus,
150 2511 259 2572 editam
281 2531 344 2573 esse
367 2509 478 2572 oraculo
500 2526 603 2571 sortem
615 2527 628 2581 ‚⁰
649 2507 731 2569 Astu

53 2591 206 2672 potiturum
217 2630 229 2663 ,
250 2589 297 2672 qui
306 2587 510 2676 'inexplicabile
522 2587 659 2655 assultu
670 2582 734 2665 103⁶„

551 2690 581 2748 K
