1968 3636
261 258 458 335 llBER
509 261 584 337 lx,
701 272 761 347 ‘487

97 354 265 431 Macedonas
282 391 374 452 regem
399 370 535 434 cecidisse
556 372 632 434 lama
650 375 760 451 perlata
820 386 823 393 '

98 464 149 509 cst.
162 450 318 511 Terruisset
331 451 426 520 alios,
448 453 525 528 quod
539 453 605 512 illos
618 451 761 515 incitavit,

97 524 226 606 Namque
244 530 363 607 periculi
374 530 468 590 omnis
485 531 668 591 immemores
679 532 760 592 dola*

98 606 314 688 brisperfregere
325 620 456 680 murum3
469 628 498 669 et
507 630 561 687 qua
572 610 665 668 moliti
677 624 757 672 etant

96 684 197 746 aditum
208 727 218 755 ,
231 687 356 765 irrupere
367 688 396 747 in
407 689 505 749 ut‘bcm
518 711 528 760 3
543 687 681 764 Indosque
690 690 756 765 plu·d

96 776 136 823 res
150 763 290 904 fuffientes
299 787 384 843 quam
395 768 530 846 congredi
544 787 627 826 ausos
644 768 757 827 cecide·
839 812 844 813 ff

95 853 165 905 sunt.
209 865 248 905 on
260 847 390 915 senibus,
410 845 613 912 nonfeminis,
633 863 690 904 non
707 847 756 904 in·

93 920 209 983 nnubus
222 926 367 1002 parcitura
382 924 504 1002 quisquis
519 941 704 991 occurrerat,
720 926 756 983 ab

93 998 142 1060 illo
172 1004 351 1065 vulneratum
381 1022 478 1084 regern
507 1021 568 1064 esse
595 1003 756 1064 credebant,

92 1070 274 1161 Tandemque
283 1084 478 1155 internecione
487 1082 611 1143 hostium
623 1082 699 1159 justae
708 1082 755 1141 irae

90 1170 262 1235 parentatum
273 1179 324 1223 est,
336 1158 533 1231 Ptolemaeum,
550 1159 595 1240 qui
605 1178 702 1239 postte
712 1181 756 1219 re-

88 1238 204 1315 gnavit,
226 1238 292 1300 huic
304 1259 403 1319 pugna
422 1238 570 1315 adfuisse,
592 1257 692 1299 auctor
712 1253 755 1298 est

91 1315 267 1389 Clitarchus,
286 1321 510 1400 etTimagcnes.
532 1318 585 1380 Sed
597 1319 678 1396 ipse,
696 1319 751 1377 sci-

88 1393 151 1457 licet
165 1399 263 1478 gloriae
282 1414 336 1458 suae
352 1412 410 1459 non
430 1397 605 1479 refragatus,
627 1395 751 1471 adficisse

88 1491 137 1543 st,
154 1477 270 1536 missum
282 1475 311 1536 in
323 1473 527 1555 expeditionem
537 1476 682 1536 memoria
693 1493 753 1535 tra-

88 1553 161 1617 didit.
176 1557 271 1616 Tanta
286 1557 523 1631 componentium
536 1573 645 1617 vetusta
657 1574 751 1613 rerum

87 1646 296 1703 monumenta,
317 1635 365 1694 vel
381 1636 535 1704 securitas,
554 1635 600 1695 uel
617 1655 667 1710 pat
685 1631 752 1692 huic

86 1711 207 1783 vitium,
226 1714 376 1775 credulitas
390 1714 443 1774 luit
456 1711 463 1772 l
478 1715 556 1795 Rege
574 1712 602 1771 in
620 1716 751 1772 taberna-

85 1791 177 1851 culum
195 1796 308 1861 relato,
328 1792 433 1853 medici
452 1792 563 1872 lignum
581 1790 664 1851 hastae
681 1811 749 1849 cor·

85 1870 143 1944 pori
157 1871 301 1940 infixum,
318 1872 356 1931 ita
372 1891 408 1930 ne
419 1871 555 1948 spiculum
566 1885 748 1936 moveretur,

84 1949 255 2011 abscindunt.
281 1949 412 2027 Corpore
435 1950 535 2010 deinde
555 1949 660 2010 nudato
682 1947 747 2008 ani-

82 2029 259 2089 madvertunt
274 2028 377 2089 hamos
392 2029 481 2090 inesse
498 2030 556 2089 telo
570 2051 580 2100 ζ
597 2049 650 2088 nec
665 2028 753 2086 aliter¹

83 2102 109 2163 id
128 2109 187 2168 sine
201 2107 332 2186 'pernicie
353 2108 480 2184 corporis
504 2106 612 2166 extrahi
633 2124 746 2181 posse,

82 2198 164 2259 quam
174 2186 336 2247 utsecando
345 2187 598 2265 vulnusaugerent.
609 2183 747 2243 Ceterum

81 2280 115 2323 ne
131 2284 257 2327 secantes
273 2264 446 2342 profluvium
464 2264 604 2345 sanguinis
620 2280 747 2336 occupa-

79 2356 142 2412 ret,
169 2348 365 2417 verebantur3
392 2344 495 2422 quippe
525 2345 624 2423 ingens
653 2340 745 2429 telum

78 2422 207 2484 adactum
219 2440 299 2492 erat,
321 2441 350 2482 et
359 2440 519 2500 penetrasse
531 2423 560 2482 in
573 2423 679 2482 viscera
697 2438 752 2477 vt·,

78 2497 203 2564 debatur.
228 2502 414 2573 Critobulus,
436 2501 508 2562 inter
531 2501 656 2562 medicos
678 2495 752 2557 artis·

78 2580 212 2651 eximiae,
234 2581 280 2641 sed
302 2582 331 2640 in
354 2598 433 2649 tanto
455 2581 582 2659 periculo
604 2578 714 2665 territus
730 2608 752 2640 2·

77 2674 176 2727 manus
195 2660 348 2725 admouere
369 2664 538 2729 metuebas,
555 2677 591 2716 ne
609 2658 639 2716 in
659 2656 749 2736 ipsius

545 2754 644 2817 Ssir
