<?xml version="1.0" encoding="UTF-8"?>
<!DOCTYPE html PUBLIC "-//W3C//DTD XHTML 1.0 Transitional//EN"
    "http://www.w3.org/TR/xhtml1/DTD/xhtml1-transitional.dtd">
<html xmlns="http://www.w3.org/1999/xhtml" xml:lang="en" lang="en">
 <head>
  <title>
</title>
<meta http-equiv="Content-Type" content="text/html;charset=utf-8" />
  <meta name='ocr-system' content='tesseract 3.04.00' />
  <meta name='ocr-capabilities' content='ocr_page ocr_carea ocr_par ocr_line ocrx_word'/>
</head>
<body>
  <div class='ocr_page' id='page_1' title='image "./qcurtiirufidere03rufugoog_0463.png"; bbox 0 0 1936 3644; ppageno 0'>
   <div class='ocr_carea' id='block_1_1' title="bbox 226 248 736 332">
    <p class='ocr_par' dir='ltr' id='par_1_1' title="bbox 226 248 736 332">
     <span class='ocr_line' id='line_1_1' title="bbox 226 248 736 332; baseline -0.006 -17"><span class='ocrx_word' id='word_1_1' title='bbox 226 254 284 329; x_wconf 56' lang='grc' dir='ltr'>με</span> <span class='ocrx_word' id='word_1_2' title='bbox 378 248 450 332; x_wconf 63' lang='lat' dir='ltr'>e.</span> <span class='ocrx_word' id='word_1_3' title='bbox 489 249 736 317; x_wconf 78' lang='lat' dir='ltr'>cuucrt</span> 
     </span>
    </p>
   </div>
   <div class='ocr_carea' id='block_1_2' title="bbox 215 350 959 2731">
    <p class='ocr_par' dir='ltr' id='par_1_2' title="bbox 215 350 959 2731">
     <span class='ocr_line' id='line_1_2' title="bbox 229 350 897 432; baseline -0.006 -15"><span class='ocrx_word' id='word_1_4' title='bbox 229 357 409 417; x_wconf 76' lang='lat' dir='ltr'>obverterent</span> <span class='ocrx_word' id='word_1_5' title='bbox 428 372 572 432; x_wconf 83' lang='lat' dir='ltr'>corpora,</span> <span class='ocrx_word' id='word_1_6' title='bbox 595 374 664 414; x_wconf 87' lang='lat' dir='ltr'>cum</span> <span class='ocrx_word' id='word_1_7' title='bbox 680 350 808 431; x_wconf 66' lang='lat' dir='ltr'>undique</span> <span class='ocrx_word' id='word_1_8' title='bbox 828 366 897 413; x_wconf 81' lang='lat' dir='ltr'>tem·</span> 
     </span>
     <span class='ocr_line' id='line_1_3' title="bbox 215 433 896 515; baseline -0.003 -22"><span class='ocrx_word' id='word_1_9' title='bbox 215 434 341 515; x_wconf 85' lang='lat' dir='ltr'>pestatis</span> <span class='ocrx_word' id='word_1_10' title='bbox 354 434 491 497; x_wconf 85' lang='lat' dir='ltr'>uiolentia</span> <span class='ocrx_word' id='word_1_11' title='bbox 502 434 596 510; x_wconf 73' lang='lat' dir='ltr'>maior</span> <span class='ocrx_word' id='word_1_12' title='bbox 607 474 619 502; x_wconf 93' lang='lat'><em>,</em></span> <span class='ocrx_word' id='word_1_13' title='bbox 639 454 727 510; x_wconf 87' lang='lat' dir='ltr'>quam</span> <span class='ocrx_word' id='word_1_14' title='bbox 739 433 896 500; x_wconf 72' lang='lat' dir='ltr'>vitabatur,</span> 
     </span>
     <span class='ocr_line' id='line_1_4' title="bbox 229 512 896 593; baseline -0.006 -19"><span class='ocrx_word' id='word_1_15' title='bbox 229 512 896 593; x_wconf 76' lang='lat' dir='ltr'>occurreret.Ergoordinibussolutispercorum</span> 
     </span>
     <span class='ocr_line' id='line_1_5' title="bbox 229 589 898 674; baseline -0.007 -21"><span class='ocrx_word' id='word_1_16' title='bbox 229 594 334 653; x_wconf 87' lang='lat' dir='ltr'>saltum</span> <span class='ocrx_word' id='word_1_17' title='bbox 346 592 534 654; x_wconf 79' lang='lat' dir='ltr'>errabundum</span> <span class='ocrx_word' id='word_1_18' title='bbox 544 611 648 674; x_wconf 83' lang='lat' dir='ltr'>agmen</span> <span class='ocrx_word' id='word_1_19' title='bbox 658 590 820 662; x_wconf 81' lang='lat' dir='ltr'>ferebatur3</span> <span class='ocrx_word' id='word_1_20' title='bbox 831 589 898 649; x_wconf 84' lang='lat' dir='ltr'>rnol-</span> 
     </span>
     <span class='ocr_line' id='line_1_6' title="bbox 229 668 897 751; baseline -0.007 -19"><span class='ocrx_word' id='word_1_21' title='bbox 229 672 307 750; x_wconf 83' lang='lat' dir='ltr'><strong>tique</strong></span> <span class='ocrx_word' id='word_1_22' title='bbox 318 672 504 751; x_wconf 82' lang='lat' dir='ltr'>priusrneru,</span> <span class='ocrx_word' id='word_1_23' title='bbox 524 693 610 748; x_wconf 85' lang='lat' dir='ltr'>quarn</span> <span class='ocrx_word' id='word_1_24' title='bbox 627 671 727 733; x_wconf 82' lang='lat' dir='ltr'>labore</span> <span class='ocrx_word' id='word_1_25' title='bbox 737 668 897 750; x_wconf 83' lang='lat' dir='ltr'>defatigati,</span> 
     </span>
     <span class='ocr_line' id='line_1_7' title="bbox 229 750 897 831; baseline -0.007 -19"><span class='ocrx_word' id='word_1_26' title='bbox 229 769 439 831; x_wconf 82' lang='lat' dir='ltr'>prostraverant</span> <span class='ocrx_word' id='word_1_27' title='bbox 463 750 544 812; x_wconf 87' lang='lat' dir='ltr'>humi</span> <span class='ocrx_word' id='word_1_28' title='bbox 565 771 716 827; x_wconf 87' lang='lat' dir='ltr'>corpora,</span> <span class='ocrx_word' id='word_1_29' title='bbox 740 769 897 827; x_wconf 78' lang='lat' dir='ltr'>quanquam</span> 
     </span>
     <span class='ocr_line' id='line_1_8' title="bbox 231 829 897 913; baseline -0.014 -20"><span class='ocrx_word' id='word_1_30' title='bbox 231 834 354 893; x_wconf 80' lang='lat' dir='ltr'>imbrem</span> <span class='ocrx_word' id='word_1_31' title='bbox 369 831 411 892; x_wconf 82' lang='lat' dir='ltr'>vis</span> <span class='ocrx_word' id='word_1_32' title='bbox 424 831 535 913; x_wconf 70' lang='lat' dir='ltr'>frigoris</span> <span class='ocrx_word' id='word_1_33' title='bbox 548 847 685 891; x_wconf 88' lang='lat' dir='ltr'>concreto</span> <span class='ocrx_word' id='word_1_34' title='bbox 699 829 768 910; x_wconf 86' lang='lat' dir='ltr'>gelu</span> <span class='ocrx_word' id='word_1_35' title='bbox 785 829 897 901; x_wconf 68' lang='lat' dir='ltr'>adsttir⁴</span> 
     </span>
     <span class='ocr_line' id='line_1_9' title="bbox 231 907 898 987; baseline -0.009 -15"><span class='ocrx_word' id='word_1_36' title='bbox 231 929 322 972; x_wconf 81' lang='lat' dir='ltr'>xerat.</span> <span class='ocrx_word' id='word_1_37' title='bbox 338 911 396 970; x_wconf 79' lang='lat' dir='ltr'>nlii</span> <span class='ocrx_word' id='word_1_38' title='bbox 412 931 441 971; x_wconf 89' lang='lat' dir='ltr'>se</span> <span class='ocrx_word' id='word_1_39' title='bbox 459 909 596 987; x_wconf 85' lang='lat' dir='ltr'>stipitibus</span> <span class='ocrx_word' id='word_1_40' title='bbox 612 911 748 969; x_wconf 86' lang='lat' dir='ltr'>arborum</span> <span class='ocrx_word' id='word_1_41' title='bbox 765 907 898 968; x_wconf 85' lang='lat' dir='ltr'>admove·</span> 
     </span>
     <span class='ocr_line' id='line_1_10' title="bbox 231 984 899 1068; baseline -0.007 -17"><span class='ocrx_word' id='word_1_42' title='bbox 231 1008 306 1051; x_wconf 84' lang='lat' dir='ltr'>rant.</span> <span class='ocrx_word' id='word_1_43' title='bbox 326 990 357 1050; x_wconf 87' lang='lat' dir='ltr'>ld</span> <span class='ocrx_word' id='word_1_44' title='bbox 368 990 497 1068; x_wconf 77' lang='lat' dir='ltr'>plurimis</span> <span class='ocrx_word' id='word_1_45' title='bbox 510 1007 539 1063; x_wconf 88' lang='lat' dir='ltr'>et</span> <span class='ocrx_word' id='word_1_46' title='bbox 554 989 759 1049; x_wconf 81' lang='lat' dir='ltr'>adminiculum</span> <span class='ocrx_word' id='word_1_47' title='bbox 773 1005 803 1047; x_wconf 88' lang='lat' dir='ltr'>et</span> <span class='ocrx_word' id='word_1_48' title='bbox 818 984 899 1047; x_wconf 81' lang='lat' dir='ltr'>suffr·</span> 
     </span>
     <span class='ocr_line' id='line_1_11' title="bbox 232 1066 953 1149; baseline -0.007 -22"><span class='ocrx_word' id='word_1_49' title='bbox 232 1068 314 1149; x_wconf 84' lang='lat' dir='ltr'>gium</span> <span class='ocrx_word' id='word_1_50' title='bbox 324 1088 393 1129; x_wconf 85' lang='lat' dir='ltr'>etat.</span> <span class='ocrx_word' id='word_1_51' title='bbox 409 1068 472 1128; x_wconf 89' lang='lat' dir='ltr'>Nec</span> <span class='ocrx_word' id='word_1_52' title='bbox 484 1067 599 1129; x_wconf 81' lang='lat' dir='ltr'>fallebat</span> <span class='ocrx_word' id='word_1_53' title='bbox 610 1069 684 1147; x_wconf 83' lang='lat' dir='ltr'>ipsos</span> <span class='ocrx_word' id='word_1_54' title='bbox 699 1066 789 1127; x_wconf 88' lang='lat' dir='ltr'>morti</span> <span class='ocrx_word' id='word_1_55' title='bbox 806 1068 898 1126; x_wconf 84' lang='lat' dir='ltr'>locunt</span> <span class='ocrx_word' id='word_1_56' title='bbox 952 1112 953 1115; x_wconf 62' lang='lat'>,</span> 
     </span>
     <span class='ocr_line' id='line_1_12' title="bbox 233 1144 900 1229; baseline -0.009 -20"><span class='ocrx_word' id='word_1_57' title='bbox 233 1149 360 1229; x_wconf 80' lang='lat' dir='ltr'>eligere,</span> <span class='ocrx_word' id='word_1_58' title='bbox 380 1168 447 1221; x_wconf 73' lang='lat' dir='ltr'>eum</span> <span class='ocrx_word' id='word_1_59' title='bbox 464 1147 628 1210; x_wconf 76' lang='lat' dir='ltr'>immobiles</span> <span class='ocrx_word' id='word_1_60' title='bbox 645 1146 740 1208; x_wconf 82' lang='lat' dir='ltr'>vitalis</span> <span class='ocrx_word' id='word_1_61' title='bbox 750 1147 833 1206; x_wconf 83' lang='lat' dir='ltr'>calor</span> <span class='ocrx_word' id='word_1_62' title='bbox 846 1144 900 1204; x_wconf 86' lang='lat' dir='ltr'>lin·</span> 
     </span>
     <span class='ocr_line' id='line_1_13' title="bbox 233 1225 955 1308; baseline -0.003 -22"><span class='ocrx_word' id='word_1_63' title='bbox 233 1243 354 1304; x_wconf 78' lang='lat' dir='ltr'>queret:</span> <span class='ocrx_word' id='word_1_64' title='bbox 369 1225 417 1287; x_wconf 87' lang='lat' dir='ltr'>sed</span> <span class='ocrx_word' id='word_1_65' title='bbox 436 1243 515 1307; x_wconf 79' lang='lat' dir='ltr'>grata</span> <span class='ocrx_word' id='word_1_66' title='bbox 534 1244 594 1287; x_wconf 80' lang='lat' dir='ltr'>erat</span> <span class='ocrx_word' id='word_1_67' title='bbox 615 1225 727 1308; x_wconf 76' lang='lat' dir='ltr'>pigritia</span> <span class='ocrx_word' id='word_1_68' title='bbox 749 1242 899 1302; x_wconf 84' lang='lat' dir='ltr'>corporum</span> <span class='ocrx_word' id='word_1_69' title='bbox 954 1294 955 1297; x_wconf 7' lang='grc' dir='ltr'><strong>Ἴ</strong></span> 
     </span>
     <span class='ocr_line' id='line_1_14' title="bbox 232 1303 953 1384; baseline -0.008 -16"><span class='ocrx_word' id='word_1_70' title='bbox 232 1304 378 1384; x_wconf 70' lang='lat' dir='ltr'>fatigarist</span> <span class='ocrx_word' id='word_1_71' title='bbox 402 1324 455 1365; x_wconf 85' lang='lat' dir='ltr'>nec</span> <span class='ocrx_word' id='word_1_72' title='bbox 475 1308 641 1368; x_wconf 81' lang='lat' dir='ltr'>recusabant</span> <span class='ocrx_word' id='word_1_73' title='bbox 660 1304 791 1384; x_wconf 74' lang='lat' dir='ltr'>extingui</span> <span class='ocrx_word' id='word_1_74' title='bbox 812 1303 898 1380; x_wconf 58' lang='lat' dir='ltr'>quies*</span> <span class='ocrx_word' id='word_1_75' title='bbox 949 1318 953 1324; x_wconf 83' lang='lat'>·</span> 
     </span>
     <span class='ocr_line' id='line_1_15' title="bbox 233 1378 956 1462; baseline -0.008 -16"><span class='ocrx_word' id='word_1_76' title='bbox 233 1385 337 1446; x_wconf 89' lang='lat' dir='ltr'>cendo.</span> <span class='ocrx_word' id='word_1_77' title='bbox 352 1381 467 1462; x_wconf 80' lang='lat' dir='ltr'>Quippe</span> <span class='ocrx_word' id='word_1_78' title='bbox 482 1405 541 1446; x_wconf 85' lang='lat' dir='ltr'>non</span> <span class='ocrx_word' id='word_1_79' title='bbox 558 1386 712 1447; x_wconf 84' lang='lat' dir='ltr'>uehemens</span> <span class='ocrx_word' id='word_1_80' title='bbox 727 1382 843 1452; x_wconf 86' lang='lat' dir='ltr'>modo,</span> <span class='ocrx_word' id='word_1_81' title='bbox 858 1378 898 1441; x_wconf 83' lang='lat' dir='ltr'>sed</span> <span class='ocrx_word' id='word_1_82' title='bbox 955 1416 956 1457; x_wconf 77' lang='lat'>3</span> 
     </span>
     <span class='ocr_line' id='line_1_16' title="bbox 234 1463 898 1540; baseline -0.009 -15"><span class='ocrx_word' id='word_1_83' title='bbox 234 1465 323 1525; x_wconf 88' lang='lat' dir='ltr'>etiam</span> <span class='ocrx_word' id='word_1_84' title='bbox 337 1463 466 1540; x_wconf 81' lang='lat' dir='ltr'>pertinax</span> <span class='ocrx_word' id='word_1_85' title='bbox 476 1464 517 1526; x_wconf 73' lang='lat' dir='ltr'>tis</span> <span class='ocrx_word' id='word_1_86' title='bbox 529 1465 599 1526; x_wconf 87' lang='lat' dir='ltr'>mali</span> <span class='ocrx_word' id='word_1_87' title='bbox 612 1464 776 1536; x_wconf 81' lang='lat' dir='ltr'>insistebat3</span> <span class='ocrx_word' id='word_1_88' title='bbox 792 1465 898 1530; x_wconf 66' lang='lat' dir='ltr'>locens</span> 
     </span>
     <span class='ocr_line' id='line_1_17' title="bbox 235 1541 901 1620; baseline -0.008 -16"><span class='ocrx_word' id='word_1_89' title='bbox 235 1563 290 1615; x_wconf 75' lang='lat' dir='ltr'>que</span> <span class='ocrx_word' id='word_1_90' title='bbox 306 1541 432 1607; x_wconf 85' lang='lat' dir='ltr'>naturale</span> <span class='ocrx_word' id='word_1_91' title='bbox 447 1543 581 1605; x_wconf 87' lang='lat' dir='ltr'>solatium</span> <span class='ocrx_word' id='word_1_92' title='bbox 594 1562 692 1620; x_wconf 72' lang='lat' dir='ltr'>preter</span> <span class='ocrx_word' id='word_1_93' title='bbox 706 1558 901 1619; x_wconf 80' lang='lat' dir='ltr'>tempestatem</span> 
     </span>
     <span class='ocr_line' id='line_1_18' title="bbox 236 1622 902 1700; baseline -0.002 -17"><span class='ocrx_word' id='word_1_94' title='bbox 236 1622 310 1689; x_wconf 66' lang='lat' dir='ltr'>haud</span> <span class='ocrx_word' id='word_1_95' title='bbox 318 1622 457 1699; x_wconf 81' lang='lat' dir='ltr'>disparem</span> <span class='ocrx_word' id='word_1_96' title='bbox 467 1623 564 1693; x_wconf 85' lang='lat' dir='ltr'>nocti,</span> <span class='ocrx_word' id='word_1_97' title='bbox 576 1623 709 1685; x_wconf 86' lang='lat' dir='ltr'>silvarum</span> <span class='ocrx_word' id='word_1_98' title='bbox 718 1641 837 1700; x_wconf 83' lang='lat' dir='ltr'>quoque</span> <span class='ocrx_word' id='word_1_99' title='bbox 844 1640 902 1683; x_wconf 83' lang='lat' dir='ltr'>um·</span> 
     </span>
     <span class='ocr_line' id='line_1_19' title="bbox 235 1700 958 1778; baseline -0.004 -16"><span class='ocrx_word' id='word_1_100' title='bbox 235 1705 284 1762; x_wconf 81' lang='lat' dir='ltr'>bra</span> <span class='ocrx_word' id='word_1_101' title='bbox 301 1719 500 1778; x_wconf 75' lang='lat' dir='ltr'>suppresserat.</span> <span class='ocrx_word' id='word_1_102' title='bbox 515 1702 578 1765; x_wconf 81' lang='lat' dir='ltr'>Rex</span> <span class='ocrx_word' id='word_1_103' title='bbox 595 1723 666 1766; x_wconf 81' lang='lat' dir='ltr'>unus</span> <span class='ocrx_word' id='word_1_104' title='bbox 681 1701 756 1762; x_wconf 85' lang='lat' dir='ltr'>tanti·</span> <span class='ocrx_word' id='word_1_105' title='bbox 769 1700 842 1763; x_wconf 77' lang='lat' dir='ltr'>mali</span> <span class='ocrx_word' id='word_1_106' title='bbox 854 1719 901 1777; x_wconf 88' lang='lat' dir='ltr'>pa·</span> <span class='ocrx_word' id='word_1_107' title='bbox 957 1708 958 1733; x_wconf 76' lang='lat'><em>³</em></span> 
     </span>
     <span class='ocr_line' id='line_1_20' title="bbox 236 1778 959 1858; baseline -0.007 -16"><span class='ocrx_word' id='word_1_108' title='bbox 236 1782 307 1842; x_wconf 85' lang='lat' dir='ltr'>tiens</span> <span class='ocrx_word' id='word_1_109' title='bbox 319 1782 467 1842; x_wconf 86' lang='lat' dir='ltr'>circumire</span> <span class='ocrx_word' id='word_1_110' title='bbox 480 1783 606 1853; x_wconf 84' lang='lat' dir='ltr'>milites,</span> <span class='ocrx_word' id='word_1_111' title='bbox 621 1778 791 1843; x_wconf 85' lang='lat' dir='ltr'>contrahere</span> <span class='ocrx_word' id='word_1_112' title='bbox 802 1781 901 1858; x_wconf 82' lang='lat' dir='ltr'>disper·</span> <span class='ocrx_word' id='word_1_113' title='bbox 958 1796 959 1837; x_wconf 54' lang='lat' dir='ltr'>r</span> 
     </span>
     <span class='ocr_line' id='line_1_21' title="bbox 234 1854 900 1938; baseline -0.003 -18"><span class='ocrx_word' id='word_1_114' title='bbox 234 1883 301 1928; x_wconf 84' lang='lat' dir='ltr'>sos,</span> <span class='ocrx_word' id='word_1_115' title='bbox 318 1860 440 1922; x_wconf 83' lang='lat' dir='ltr'>allevare</span> <span class='ocrx_word' id='word_1_116' title='bbox 452 1880 605 1938; x_wconf 85' lang='lat' dir='ltr'>prostratos</span> <span class='ocrx_word' id='word_1_117' title='bbox 617 1901 627 1930; x_wconf 88' lang='lat'>,</span> <span class='ocrx_word' id='word_1_118' title='bbox 647 1861 796 1923; x_wconf 81' lang='lat' dir='ltr'>ostendere</span> <span class='ocrx_word' id='word_1_119' title='bbox 808 1854 900 1938; x_wconf 83' lang='lat' dir='ltr'>procui</span> 
     </span>
     <span class='ocr_line' id='line_1_22' title="bbox 235 1939 959 2019; baseline -0.008 -18"><span class='ocrx_word' id='word_1_120' title='bbox 235 1940 385 2001; x_wconf 76' lang='lat' dir='ltr'>evolutum</span> <span class='ocrx_word' id='word_1_121' title='bbox 403 1959 439 2000; x_wconf 78' lang='lat' dir='ltr'>ex</span> <span class='ocrx_word' id='word_1_122' title='bbox 455 1941 572 2019; x_wconf 81' lang='lat' dir='ltr'>tuguriis</span> <span class='ocrx_word' id='word_1_123' title='bbox 585 1942 724 2017; x_wconf 78' lang='lat' dir='ltr'>fumum,</span> <span class='ocrx_word' id='word_1_124' title='bbox 746 1939 900 2013; x_wconf 87' lang='lat' dir='ltr'>hortatique</span> <span class='ocrx_word' id='word_1_125' title='bbox 957 1974 959 1977; x_wconf 33' lang='lat' dir='ltr'>v</span> 
     </span>
     <span class='ocr_line' id='line_1_23' title="bbox 235 2012 897 2099; baseline -0.005 -23"><span class='ocrx_word' id='word_1_126' title='bbox 235 2038 266 2076; x_wconf 85' lang='lat' dir='ltr'>ut</span> <span class='ocrx_word' id='word_1_127' title='bbox 288 2017 415 2097; x_wconf 81' lang='lat' dir='ltr'>proxima</span> <span class='ocrx_word' id='word_1_128' title='bbox 443 2039 553 2097; x_wconf 80' lang='lat' dir='ltr'>pureque</span> <span class='ocrx_word' id='word_1_129' title='bbox 579 2012 702 2099; x_wconf 78' lang='lat' dir='ltr'>ruffitgia</span> <span class='ocrx_word' id='word_1_130' title='bbox 728 2029 897 2098; x_wconf 77' lang='lat' dir='ltr'>occuparent.</span> 
     </span>
     <span class='ocr_line' id='line_1_24' title="bbox 234 2089 901 2179; baseline -0.004 -22"><span class='ocrx_word' id='word_1_131' title='bbox 234 2090 369 2157; x_wconf 86' lang='lat' dir='ltr'>Neculla</span> <span class='ocrx_word' id='word_1_132' title='bbox 379 2116 422 2157; x_wconf 85' lang='lat' dir='ltr'>res</span> <span class='ocrx_word' id='word_1_133' title='bbox 438 2100 529 2179; x_wconf 73' lang='lat' dir='ltr'>magis</span> <span class='ocrx_word' id='word_1_134' title='bbox 542 2101 623 2160; x_wconf 85' lang='lat' dir='ltr'>saluti</span> <span class='ocrx_word' id='word_1_135' title='bbox 640 2099 715 2167; x_wconf 86' lang='lat' dir='ltr'>fuit,</span> <span class='ocrx_word' id='word_1_136' title='bbox 731 2119 822 2175; x_wconf 85' lang='lat' dir='ltr'>quam</span> <span class='ocrx_word' id='word_1_137' title='bbox 834 2089 901 2172; x_wconf 69' lang='lat' dir='ltr'>quoi</span> 
     </span>
     <span class='ocr_line' id='line_1_25' title="bbox 235 2174 903 2255; baseline 0.004 -18"><span class='ocrx_word' id='word_1_138' title='bbox 235 2174 427 2255; x_wconf 70' lang='lat' dir='ltr'>multiplicato</span> <span class='ocrx_word' id='word_1_139' title='bbox 453 2178 553 2239; x_wconf 83' lang='lat' dir='ltr'>labore</span> <span class='ocrx_word' id='word_1_140' title='bbox 577 2174 765 2240; x_wconf 84' lang='lat' dir='ltr'>sufficientem</span> <span class='ocrx_word' id='word_1_141' title='bbox 790 2176 903 2240; x_wconf 78' lang='lat' dir='ltr'>maiiss</span> 
     </span>
     <span class='ocr_line' id='line_1_26' title="bbox 236 2256 904 2332; baseline -0.004 -17"><span class='ocrx_word' id='word_1_142' title='bbox 236 2256 337 2332; x_wconf 81' lang='lat' dir='ltr'>quibos</span> <span class='ocrx_word' id='word_1_143' title='bbox 347 2256 399 2332; x_wconf 90' lang='lat' dir='ltr'>ipsi</span> <span class='ocrx_word' id='word_1_144' title='bbox 410 2276 568 2328; x_wconf 86' lang='lat' dir='ltr'>cesserant,</span> <span class='ocrx_word' id='word_1_145' title='bbox 588 2278 617 2317; x_wconf 86' lang='lat' dir='ltr'>re</span> <span class='ocrx_word' id='word_1_146' title='bbox 638 2277 686 2317; x_wconf 91' lang='lat' dir='ltr'>em</span> <span class='ocrx_word' id='word_1_147' title='bbox 702 2256 833 2317; x_wconf 87' lang='lat' dir='ltr'>deserere</span> <span class='ocrx_word' id='word_1_148' title='bbox 846 2273 904 2314; x_wconf 85' lang='lat' dir='ltr'>eru·</span> 
     </span>
     <span class='ocr_line' id='line_1_27' title="bbox 235 2330 905 2398; baseline -0.007 -3"><span class='ocrx_word' id='word_1_149' title='bbox 235 2336 398 2395; x_wconf 85' lang='lat' dir='ltr'>beseebatrt.</span> <span class='ocrx_word' id='word_1_150' title='bbox 424 2333 560 2397; x_wconf 89' lang='lat' dir='ltr'>Ceterum</span> <span class='ocrx_word' id='word_1_151' title='bbox 578 2356 594 2398; x_wconf 89' lang='lat' dir='ltr'>e</span> <span class='ocrx_word' id='word_1_152' title='bbox 626 2336 722 2397; x_wconf 88' lang='lat' dir='ltr'>cacior</span> <span class='ocrx_word' id='word_1_153' title='bbox 738 2336 769 2395; x_wconf 88' lang='lat' dir='ltr'>in</span> <span class='ocrx_word' id='word_1_154' title='bbox 789 2330 905 2394; x_wconf 80' lang='lat' dir='ltr'>adversis</span> 
     </span>
     <span class='ocr_line' id='line_1_28' title="bbox 237 2413 905 2497; baseline -0.009 -22"><span class='ocrx_word' id='word_1_155' title='bbox 237 2413 405 2480; x_wconf 82' lang='lat' dir='ltr'>necessitas,</span> <span class='ocrx_word' id='word_1_156' title='bbox 419 2434 505 2489; x_wconf 86' lang='lat' dir='ltr'>quam</span> <span class='ocrx_word' id='word_1_157' title='bbox 517 2416 610 2484; x_wconf 75' lang='lat' dir='ltr'>ratio,</span> <span class='ocrx_word' id='word_1_158' title='bbox 627 2414 740 2497; x_wconf 82' lang='lat' dir='ltr'>frigoris</span> <span class='ocrx_word' id='word_1_159' title='bbox 750 2413 905 2475; x_wconf 86' lang='lat' dir='ltr'>remedium</span> 
     </span>
     <span class='ocr_line' id='line_1_29' title="bbox 237 2491 907 2569; baseline -0.006 -14"><span class='ocrx_word' id='word_1_160' title='bbox 237 2491 357 2555; x_wconf 84' lang='lat' dir='ltr'>invenit.</span> <span class='ocrx_word' id='word_1_161' title='bbox 376 2491 511 2555; x_wconf 81' lang='lat' dir='ltr'>Dolabris</span> <span class='ocrx_word' id='word_1_162' title='bbox 528 2494 606 2557; x_wconf 84' lang='lat' dir='ltr'>enim</span> <span class='ocrx_word' id='word_1_163' title='bbox 615 2494 699 2556; x_wconf 81' lang='lat' dir='ltr'>silvas</span> <span class='ocrx_word' id='word_1_164' title='bbox 716 2513 843 2555; x_wconf 87' lang='lat' dir='ltr'>sternere</span> <span class='ocrx_word' id='word_1_165' title='bbox 859 2510 907 2569; x_wconf 78' lang='lat' dir='ltr'>ag·</span> 
     </span>
     <span class='ocr_line' id='line_1_30' title="bbox 237 2571 906 2654; baseline -0.001 -24"><span class='ocrx_word' id='word_1_166' title='bbox 237 2571 343 2654; x_wconf 74' lang='lat' dir='ltr'>gressi,</span> <span class='ocrx_word' id='word_1_167' title='bbox 360 2573 463 2648; x_wconf 73' lang='lat' dir='ltr'>purtim</span> <span class='ocrx_word' id='word_1_168' title='bbox 481 2595 598 2636; x_wconf 86' lang='lat' dir='ltr'>acervos</span> <span class='ocrx_word' id='word_1_169' title='bbox 612 2592 754 2649; x_wconf 78' lang='lat' dir='ltr'>semetque</span> <span class='ocrx_word' id='word_1_170' title='bbox 767 2571 906 2635; x_wconf 85' lang='lat' dir='ltr'>accende·</span> 
     </span>
     <span class='ocr_line' id='line_1_31' title="bbox 236 2648 907 2731; baseline -0.009 -17"><span class='ocrx_word' id='word_1_171' title='bbox 236 2671 312 2731; x_wconf 77' lang='lat' dir='ltr'>tunt.</span> <span class='ocrx_word' id='word_1_172' title='bbox 325 2648 493 2715; x_wconf 80' lang='lat' dir='ltr'>Continenti</span> <span class='ocrx_word' id='word_1_173' title='bbox 513 2652 647 2718; x_wconf 82' lang='lat' dir='ltr'>incendio</span> <span class='ocrx_word' id='word_1_174' title='bbox 664 2652 907 2728; x_wconf 76' lang='lat' dir='ltr'>arderetredetes</span> 
     </span>
    </p>
   </div>
   <div class='ocr_carea' id='block_1_3' title="bbox 0 0 987 3644">
    <p class='ocr_par' dir='ltr' id='par_1_3' title="bbox 0 0 987 3644">
     <span class='ocr_line' id='line_1_32' title="bbox 0 0 987 3644; baseline 0 0"><span class='ocrx_word' id='word_1_175' title='bbox 0 0 987 3644; x_wconf 95' lang='lat' dir='ltr'> </span> 
     </span>
    </p>
   </div>
  </div>
 </body>
</html>
