1994 3632
257 272 313 336 ωε
435 266 478 349 Q.
518 268 759 332 cunr1s

252 367 364 431 hercule
382 366 538 460 expeditius
556 385 770 430 sumusnostra
788 367 925 450 rapiunt,

251 469 332 529 quarn
348 465 499 510 continent.
519 446 585 529 Ipsa
598 469 670 510 mors
683 445 779 509 uxoris
790 447 882 509 Darii
896 468 926 513 re

246 527 395 588 admonere
409 544 501 608 potest
510 547 524 599 ‚·
544 526 635 588 minus
645 527 706 605 jatn
722 525 924 590 misericordia

248 624 304 667 tua
313 604 418 675 litere,
432 627 511 684 quarn
520 605 612 668 licuit.
622 606 805 676 Alexander,
821 607 924 690 legatis

247 684 381 747 excedere
395 683 569 746 tabernaculo
587 686 685 763 jussis,
701 683 768 765 quid
775 682 921 766 placeret,

246 766 283 826 ad
294 767 447 825 consilium
454 767 548 826 refert.
558 765 618 826 Diu
628 786 716 828 nemo
723 765 792 842 quid
804 766 922 829 sentiret

245 865 329 905 ausus
346 862 388 905 est
405 844 499 904 dicere
518 883 528 913 ‚
545 846 651 906 incerta
666 845 742 924 tegis
755 845 923 910 uoluntate.

243 924 379 984 Tandem
392 924 567 991 Parmenio,
583 942 649 983 ante
658 921 835 993 suasissem,
855 925 919 995 ait,

156 1056 159 1069 ,
244 1021 276 1062 ut
293 1002 420 1083 captiuos
438 1001 509 1081 apud
529 999 702 1063 Damascum
715 999 920 1064 redimentibus

244 1080 372 1142 redderer
386 1101 399 1151 ,·
421 1080 561 1160 ingentem
573 1081 717 1161 pecuniam
729 1079 858 1161 potuisse
870 1104 917 1147 re·

164 1234 169 1240 ι
241 1159 305 1238 digi
323 1179 359 1219 ex
376 1158 436 1228 iis,
457 1158 503 1238 qui
516 1159 594 1220 multi
613 1160 700 1221 uincti
718 1160 841 1222 uirorum
848 1159 917 1236 sors·

140 1248 145 1255 '
241 1256 312 1298 rrum
324 1255 642 1317 occupaueranttnanus.
660 1236 700 1299 Et
715 1242 918 1319 nunc‘magna-

238 1335 305 1397 pere
329 1335 490 1386 censerem,
512 1334 542 1377 ur
566 1339 649 1378 unam
673 1338 774 1388 anum,
796 1336 824 1378 et
846 1318 917 1381 duur

237 1393 357 1474 puellus,
367 1394 497 1455 itinerum
503 1397 694 1477 agminumque
701 1396 917 1477 impedimenta,
931 1438 935 1445 ι

239 1471 357 1552 triginta
384 1472 505 1535 millibus
534 1474 648 1537 talentis
674 1476 737 1536 astri
762 1497 917 1556 permutes.

199 1619 202 1627 ⁸
238 1549 369 1632 Opimum
378 1574 492 1633 regnunt
504 1555 629 1636 occupari
639 1575 721 1636 posse
733 1553 915 1627 conditione,
926 1624 939 1651 ⁶

239 1650 293 1690 non
305 1630 374 1691 bello
386 1659 395 1690 .·
406 1653 457 1694 nec
466 1654 623 1712 quemquam
632 1634 717 1696 adum
727 1633 800 1694 inter
807 1631 915 1697 Istrum

238 1728 268 1768 et
280 1706 442 1791 Euphraten
449 1711 610 1795 possedisse
623 1731 709 1774 terras
720 1712 830 1793 ingenti
845 1736 915 1806 spu-

234 1787 279 1848 ria
308 1788 503 1870 interuallaque
533 1791 681 1855 discretas.
711 1790 915 1859 Macedonium

234 1885 340 2004 {usque
358 1887 505 1951 respiceret
520 1871 639 2009 fotium·
662 1892 741 1951 quarn
759 1870 867 1934 Bactra
885 1892 915 1937 et

255 1945 324 2006 trdus
342 1946 505 2009 innueretur.
534 1970 634 2041 ngrata
650 1952 748 2015 oratio
765 1952 827 2032 regi
845 1955 914 2020 fuit.

236 2025 357 2102 ltaque,
380 2043 411 2086 ut
429 2027 518 2088 finem
537 2030 648 2091 drcendi
667 2030 755 2106 fecit3
777 2048 806 2090 et
828 2053 912 2114 ego.

234 2103 347 2181 inquit,
361 2105 508 2193 pecuniam
517 2127 597 2186 quam
602 2107 721 2189 gloriam
731 2106 864 2184 mallem,
882 2114 915 2175 si

235 2180 384 2243 Parmenio
412 2204 512 2249 essem.
540 2186 627 2248 Nunc
653 2186 841 2261 Alexander,
877 2191 914 2255 de

232 2278 392 2342 paupertate
402 2283 515 2323 securus
526 2285 586 2325 sum
604 2293 615 2326 .·
632 2283 660 2327 et
671 2286 717 2327 rue
733 2288 787 2327 non
799 2289 913 2334 merca·

234 2355 320 2403 toretn
334 2339 445 2400 memini
459 2362 541 2412 esse,
555 2344 607 2404 sed
621 2365 724 2425 regem.
739 2345 828 2409 Nihil
845 2351 912 2430 qui·-

232 2415 296 2476 detn
306 2415 389 2477 daber
400 2418 496 2480 uenale
509 2441 522 2490 ;
537 2421 588 2483 sed
591 2422 735 2500 fortunam
744 2445 835 2488 meatu
849 2430 913 2492 uti·

232 2514 285 2634 gae
297 2514 354 2554 nun
373 2495 471 2563 vendo.
491 2497 625 2581 Captivos
644 2502 671 2563 si
686 2502 780 2583 placet
797 2506 912 2586 reddit

254 2572 611 2650 otxstiusrdonodabimus,
625 2600 705 2662 quant
710 2583 800 2663 pretio
810 2589 914 2652 remir-

228 2668 335 2733 eenus.
352 2653 522 2738 Interim&
536 2658 639 2742 deiude
654 2661 755 2749 legatis
773 2664 809 2725 ad
827 2664 911 2733 hune

779 2766 911 2839 modum
