1936 3644
233 279 428 346 LIBER
474 279 553 348 ῐΧε
652 256 731 369 '462

49 396 203 464 imputare
213 384 320 463 coepit:
333 405 387 445 nec
396 384 436 446 sic
446 384 561 461 quidem
570 383 730 465 pertinacia

50 466 153 532 victa,
174 486 272 529 rursus
280 465 369 529 aliam
379 481 490 542 partem
501 485 597 528 secare
606 469 729 544 institit3

51 563 84 608 et
102 545 205 607 deinde
228 565 289 605 non
312 545 424 624 segnius
445 543 628 612 inbaetentetn
651 549 729 615 ferto

52 624 173 688 subinde
181 626 316 686 cedebat.
327 626 379 684 lile
389 625 418 684 in
429 624 546 685 vulnere
556 626 619 686 fetae
631 627 728 693 dentes

51 703 243 767 moribundus
263 722 377 782 quoque
398 703 540 765 infixerat.
563 703 680 766 Tantam
697 707 730 769 in

51 783 117 845 iilis
137 781 305 848 animalibus
322 782 358 843 ud
379 781 533 843 venandum
550 783 730 862 cupiditatem

50 863 237 944 ingenerasse
260 881 390 923 naturam
414 861 561 923 memorie
585 865 731 941 proditum

52 964 109 1006 est.
121 943 261 1020 Equidem
276 943 358 1020 plura
373 943 550 1010 transcribo,
570 964 656 1020 quam
668 964 733 1005 cte·

53 1024 94 1086 do
107 1046 117 1084 t
129 1045 199 1083 nam
208 1042 262 1083 nec
274 1020 414 1084 affirmare
428 1023 573 1090 sustineo,
586 1024 733 1101 dequibus

52 1103 158 1165 dubito
171 1125 181 1175 ς
201 1123 256 1163 nec
271 1102 448 1170 subducere,
468 1122 530 1178 quae
546 1105 654 1181 accepi.
668 1103 733 1170 Re·¹

53 1184 129 1245 licto
145 1182 232 1263 igitur
248 1181 367 1259 Sophite
383 1183 412 1243 in
425 1202 476 1242 suo
493 1201 607 1262 tegno,
627 1184 662 1244 ad
673 1180 732 1250 flu,

52 1263 139 1327 vium
166 1262 293 1340 Hypasin
315 1261 470 1340 processit,
499 1261 731 1340 Hephaestione,

52 1343 106 1422 qui
134 1342 274 1402 diversam
296 1343 444 1421 regionem
467 1343 634 1420 subegerat,
658 1364 732 1404 con·

52 1424 173 1503 juncto.
184 1420 322 1501 Phegelas
332 1439 392 1481 erat
404 1420 494 1558 gentis
509 1423 645 1496 proximae
658 1443 733 1493 tex,

52 1503 104 1581 qui
117 1503 301 1579 popularibus
311 1501 367 1567 suis
377 1520 408 1559 co
421 1518 465 1558 ete
476 1518 578 1576 agros,
594 1520 624 1559 ut
634 1521 734 1561 assue-

52 1600 157 1646 verant
172 1620 183 1648 ,
200 1581 297 1657 jussis,
318 1579 483 1643 Alexandro
495 1598 562 1638 cunr
579 1580 659 1641 donis
677 1600 733 1648 oce,

52 1662 169 1731 currita
189 1659 260 1720 nihil
271 1659 347 1737 quod
358 1659 511 1735 imperaret
523 1659 690 1722 detrectans.

95 1741 179 1802 Cur.
190 1740 230 1802 ΙΙ.
240 1740 362 1811 Biduum
371 1738 442 1815 apud
454 1757 521 1797 eum
532 1740 652 1799 substitit
661 1758 732 1803 text

53 1821 146 1886 tertio
173 1819 218 1879 die
243 1838 359 1878 amnem
386 1836 517 1893 superate
545 1819 733 1890 decreverat,

54 1901 180 1965 transitu
188 1897 351 1966 difficilem,
368 1916 428 1955 non
438 1896 528 1972 spatio
539 1899 633 1958 solum
646 1919 734 1976 aqua·
753 1894 757 1905 “

52 2004 146 2050 rum,
166 1978 311 2039 sedetiam
322 1975 396 2038 saxis
411 1975 594 2052 impeditum.
604 1977 733 2039 Peteon·-

53 2057 731 2139 tatusigitutPhegelam,quaenoscendaerant,

51 2161 100 2204 xr
115 2137 223 2198 dietum
236 2134 422 2213 ultraflurnen
432 2154 482 2212 per
493 2153 590 2192 vastas
601 2134 733 2195 solitudi-

53 2239 110 2283 nes
133 2218 189 2278 iter
209 2235 271 2277 etse
291 2213 463 2294 cognoscite
482 2211 611 2291 excipere
633 2211 734 2276 deinde

54 2298 200 2377 Gangen,
216 2292 365 2353 maximum
376 2291 460 2351 totius
470 2288 734 2387 Iudiaefluminumi

55 2375 220 2440 ulteriorem
232 2372 319 2463 ripam
332 2369 419 2433 colere
432 2388 533 2449 gentes
550 2371 735 2452 Gangaridas

54 2476 86 2522 et
102 2454 300 2523 ΡΙιατναπιω,ι
324 2469 464 2526 eorumque
481 2469 571 2527 tegent
589 2472 651 2511 este
669 2453 734 2532 Ag,

51 2554 224 2620 grammen,
239 2550 281 2592 xx
294 2527 415 2618 millibus
432 2528 571 2619 equitum,
590 2528 734 2592 ducentis,

55 2634 114 2696 que
127 2611 251 2694 pediturn
264 2607 433 2669 obsidentem
448 2627 522 2670 etat.
535 2606 582 2668 Ad
594 2609 653 2697 iaee
667 2630 736 2687 qua„

52 2692 208 2794 drigarum
217 2689 271 2778 duo
282 2686 374 2762 millu
388 2683 518 2767 trabere,
535 2705 563 2749 et
567 2707 736 2788 precipuum
