1962 3632
252 230 309 323 Jass
359 258 389 313 s.
425 248 614 310 intructi.
650 248 842 305 susurru.

259 344 361 413 cubuit,
379 342 497 395 fluctibus
507 340 628 407 operitur.
638 338 714 406 quue
723 338 808 406 hyeme
817 338 929 404 frequen!
964 363 970 386 .=

259 427 285 464 et
293 428 372 478 prope
380 427 525 478 perpetuum
536 424 582 461 est.
594 409 632 459 At
640 408 784 486 'Alexander
792 404 859 456 nihil
867 421 928 471 eque
970 431 973 460 ῃ

259 496 287 529 ac
308 497 401 530 moram
419 492 548 535 metuens,
569 491 703 527 exercitum
718 492 763 540 per
783 490 868 539 equa,
887 482 928 536 per
966 497 973 528 3

258 546 361 612 iniqua,
381 548 470 597 eodem
495 545 581 594 ardore
603 557 674 607 atque
697 541 789 606 impetu
812 540 928 604 rapiebat.
965 564 973 595 :=

260 612 380 665 Continui
389 624 434 678 per
443 624 486 663 eos
495 611 547 662 dies
561 610 648 659 Austri
658 600 795 667 flaverant,
811 607 854 672 qui
864 622 928 657 marc
968 634 973 665 2

250 679 287 743 min
295 681 355 731 litus
363 681 531 744 propellentes
541 716 549 737 ‚
560 676 643 726 omnia
652 675 746 726 itineris
756 674 864 740 vestigia
874 668 927 723 altis
966 700 973 731 ς

259 745 389 813 paludibus
399 747 502 810 opplent
518 765 524 795 z
536 744 632 794 assiduae
642 743 716 793 etism
726 758 866 808 magnaque
875 742 927 805 plu·
970 770 973 797 ζ

250 814 322 883 v“vie,
338 828 367 877 ut
381 813 462 865 ventis
480 812 533 863 istis
550 809 698 876 spirantibus
711 811 800 872 solet,
818 810 927 858 ruebant.
970 838 973 867 r

255 880 306 931 'Sed
316 882 463 933 adventante
473 879 615 930 Alexandro
632 878 714 927 subito
724 892 824 932 exortus
835 873 927 940 Aquilo
970 903 973 931 5

251 950 351 1017 'coelum
360 947 477 1014 purgavit
485 945 603 996 imbribus
613 985 620 1006 ,
630 946 706 994 undas
714 944 800 1004 rejecit
809 943 837 993 in
846 957 910 992 mare
920 977 928 998 ‚
969 971 973 1001 2

261 1025 287 1066 et
303 1014 482 1065 Macedonibus
502 1013 632 1063 transitum
650 1011 754 1078 aperuit.
775 1009 814 1060 Sic
835 1023 927 1074 quoquc

262 1081 331 1132 unius
349 1080 399 1132 diei
415 1080 502 1130 itinere
513 1097 556 1144 per
565 1080 658 1129 incerta
675 1081 738 1129 vada
755 1078 926 1143 emergendum
971 1098 973 1128 1

250 1150 309 1217 [fuit
319 1165 328 1210 3
341 1164 402 1215 aqua
412 1149 440 1197 ad
451 1147 594 1197 umbilicum
603 1148 678 1196 ferme
688 1144 857 1210 pertingente.
866 1148 927 1194 Tan·
971 1166 973 1197 r

236 1267 239 1275 ,
258 1226 311 1265 'tam
321 1215 345 1265 in
355 1213 472 1278 periculis
481 1213 617 1264 Alexandri
629 1212 759 1270 fiduciam,
780 1226 807 1262 ut
817 1212 847 1260 ab
856 1209 928 1274 ipsius

254 1282 362 1350 ¹ingenio
376 1285 512 1345 profectam
527 1298 578 1331 non
594 1280 699 1340 dubit03
715 1280 750 1330 ira
763 1276 928 1344 frequentibus

260 1349 385 1415 prodigiis
409 1364 434 1399 et
454 1349 577 1399 ominibus
599 1362 694 1397 auctam
718 1345 928 1409 confirmatamque
972 1340 973 1347 ’

252 1415 334 1466 'fuisse
344 1415 490 1467 crediderim
505 1436 512 1466 t
528 1432 672 1480 postquam,
691 1415 789 1464 decreto
805 1411 926 1469 numinis,

262 1482 404 1534 clarissimis
417 1482 574 1548 maximisque
589 1483 660 1532 rebus
675 1497 699 1530 se
715 1480 832 1530 destinari
850 1479 929 1543 conje-

253 1542 307 1601 cit.
318 1546 408 1601 Adhuc
420 1551 444 1600 in
459 1548 603 1612 Macedonia
613 1546 712 1613 degenti
725 1546 819 1612 species
829 1548 928 1597 humant

254 1618 388 1685 'augustior
409 1617 547 1682 apparuisse
570 1615 682 1674 dicitur,
706 1615 831 1664 monentis
854 1630 881 1665 ut
899 1614 927 1663 cd
972 1606 973 1623 ¹

262 1686 412 1737 evertendum
427 1688 550 1752 imperium
567 1686 692 1734 Persicum
710 1685 884 1750 quamprimum
904 1680 926 1755 ip

254 1751 348 1817 [Asiam
362 1766 495 1818 sequeretur
510 1774 518 1800 .·
530 1766 603 1815 atque
613 1749 638 1798 in
652 1748 796 1798 memoriam
812 1744 926 1798 insomnii
972 1750 973 1775 r

254 1833 405 1883 ¹revocatum
414 1835 465 1868 esse
478 1835 580 1884 regem,
601 1832 655 1866 cum
672 1815 697 1865 in
709 1813 823 1865 Phoenice
834 1832 874 1865 res
885 1829 928 1878 ge·
972 1812 973 1839 ³

261 1900 343 1944 reret,
359 1885 436 1936 obvio
446 1886 586 1935 Judaeorum
599 1884 741 1940 sacerdote,
761 1882 787 1932 in
796 1899 847 1947 quo
862 1894 929 1931 reco-

261 1951 351 2017 gnovit
360 1967 471 2001 ornatum
481 1988 489 2010 ,
499 1969 570 2017 quem
579 1951 674 2015 pridem
683 1949 709 1998 in
718 1948 816 2011 objecta
825 1947 927 2013 imagine
972 1966 973 1969 ¹

255 2021 303 2085 'per
315 2017 420 2082 quietem
435 2019 540 2070 viderat.
551 2021 614 2068 Nam
628 2017 692 2068 inter
705 2015 863 2067 obsidionem
871 2012 927 2083 Tyri

259 2084 348 2135 uicinis
357 2085 455 2152 regilius
464 2085 610 2151 populisque
621 2083 772 2135 deditionem
783 2100 809 2135 et
819 2085 929 2137 delectus

258 2150 430 2216 imperaverat.
444 2156 488 2204 Sed
499 2154 595 2212 Judaei,
610 2152 650 2217 qui
660 2151 837 2217 Hierosolyma
852 2155 928 2201 famo·

258 2238 309 2271 sam
324 2221 405 2271 urbem
418 2223 553 2277 tenebant,
571 2222 650 2271 foedus
660 2236 713 2269 cum
723 2219 802 2268 Dario
815 2217 926 2276 causati,

256 2289 422 2337 Macedonum
436 2286 568 2337 amicitiam
579 2288 756 2337 detrectabant.
771 2290 832 2336 Earn
850 2282 929 2352 gentle

258 2353 437 2405 contumaciam
452 2352 597 2420 puniturus,
616 2352 643 2402 in
657 2356 764 2403 Judaeam
777 2353 871 2414 infesto
885 2369 927 2416 ag·

258 2421 323 2470 mine
338 2419 455 2485 perrexit.
470 2419 737 2487 AtHierosolymitani
747 2436 775 2472 ut
787 2420 855 2486 regis
868 2420 926 2469 iram

256 2486 385 2549 lenirent,
410 2506 465 2549 cum
482 2489 596 2541 uxoribus
611 2488 743 2553 liberisque
759 2487 886 2551 supplices
903 2483 928 2534 itt

257 2572 385 2607 occursum
394 2555 516 2608 venientis
526 2557 689 2607 effunduntur.
701 2556 845 2605 Sacerdotes
854 2549 928 2620 primi

258 2620 325 2674 ibant
341 2623 481 2678 tenuissima
498 2624 568 2692 bysso
579 2621 662 2676 arnicti
672 2639 680 2677 t
689 2623 735 2679 hot
745 2621 835 2683 deinde
848 2637 929 2691 popu-
