1936 3644
215 291 408 368 tinen
439 284 572 373 ‘ortu
668 325 734 390 452

64 407 93 462 'et
108 402 242 485 urgebitis
255 403 392 481 frontem.
414 404 514 467 Hoste
534 423 638 469 nostre
656 429 733 489 proe·

66 479 151 561 louge
167 502 194 544 et
208 484 310 547 valide
325 507 379 546 oon
391 485 463 546 alias
480 486 572 566 tnagis
586 507 665 565 quom
679 488 734 548 od·
813 511 814 514 ¹

66 574 156 622 versus
169 562 275 624 belluas
292 582 465 643 rectoresque
482 586 574 627 earum
589 567 652 626 usui
669 588 734 630 esse

63 657 209 718 poterunt‚·
228 643 369 704 demebate
385 665 453 713 eos,
471 643 517 723 qui
530 643 686 716 vehuntur,
704 663 733 708 et

43 743 45 747 ¹
64 718 136 798 ipsus
145 720 316 797 confundite.
329 722 441 805 Anceps
449 744 542 803 genus
552 723 654 787 auxilii
667 744 732 796 est,

65 814 90 856 et
100 799 127 858 in
143 822 209 861 suos
219 801 404 878 acriusfurit.
422 801 455 863 ln
471 801 735 869 testemonium«,
791 803 795 810 “

61 878 134 956 perio
146 900 159 951 ,·
171 881 202 941 in
212 901 279 942 suos
289 902 390 962 pavore
402 882 507 962 agitur.
518 883 590 944 Hac
601 885 732 946 elocutus

63 959 184 1021 concitat
200 983 306 1039 equum
323 963 442 1040 primus.
454 963 599 1041 Jamque,
619 981 652 1023 ut
668 963 733 1024 dee·

63 1037 178 1101 tinatum
195 1060 277 1111 erat,
299 1042 440 1103 invaserat
455 1044 567 1108 ordines
582 1041 707 1104 hostium
721 1065 736 1118 ς
831 1052 833 1056 ’

62 1134 124 1178 cum
136 1114 246 1183 Coinus
257 1121 366 1201 ingenti
375 1123 408 1185 vi
422 1123 452 1182 in
466 1124 571 1184 laevum
581 1143 672 1184 cornu
684 1124 733 1182 in-

62 1197 184 1269 vehitur„
191 1200 323 1262 Phalanx
332 1223 447 1280 quoque
464 1202 494 1261 in
507 1203 631 1263 mediam
641 1203 733 1263 Indo·

62 1293 121 1338 rum
130 1280 223 1342 aciem
233 1301 295 1341 uno
305 1281 412 1360 impetu
423 1285 560 1360 prorupit.
572 1283 613 1341 Ar
622 1282 733 1352 Porus,

61 1372 112 1432 qua
132 1362 262 1439 equitem
279 1360 376 1423 invehi
394 1379 537 1430 senserat,
559 1359 665 1422 belluas
683 1360 733 1441 ogi

62 1434 154 1511 jussit:
170 1442 218 1501 sed
234 1440 347 1500 tardum
365 1458 394 1499 et
411 1461 484 1518 pene
502 1441 652 1501 immobile
671 1444 734 1500 ani·

14 1576 17 1581 .
62 1518 116 1576 mal
125 1534 269 1598 equorum
288 1520 472 1581 velocitatem
481 1540 590 1595 aequare
605 1540 664 1579 non
680 1540 735 1597 po·

60 1609 136 1660 terat.
160 1600 208 1661 Ne
232 1599 400 1679 sagittatum
429 1598 544 1676 quidem
572 1600 646 1659 ullus
671 1615 733 1660 erat

61 1675 177 1739 barbaris
192 1701 272 1741 usus.
285 1677 402 1756 Quippe
413 1680 506 1760 longae
517 1695 546 1738 et
554 1699 709 1759 praegraves
720 1714 732 1748 ‚

60 1755 108 1815 nisi
123 1759 199 1837 prius
218 1759 251 1818 in
267 1775 341 1818 terra
351 1775 505 1818 statuerent
520 1779 638 1827 arcum,
656 1758 734 1819 haud

59 1837 119 1896 satis
142 1857 208 1916 apte
240 1855 271 1897 et
291 1839 446 1898 commode
466 1836 628 1913 imponunt.
652 1837 734 1906 Tum

59 1910 143 1978 ltumo
160 1917 298 1986 lubrica,
319 1934 349 1976 et
365 1919 402 1976 ob
413 1916 441 1976 id
456 1915 628 1994 impediente
643 1938 734 1977 cona·

59 2008 138 2067 tum,
160 1998 317 2058 molientes
332 1997 422 2065 ictus,
443 1996 586 2056 celeritate
604 1996 733 2071 hostium

58 2080 280 2155 occupabantur.
303 2075 381 2157 Ergo
403 2092 496 2154 spreto
517 2075 591 2154 regis
609 2076 732 2153 imperio

58 2157 156 2234 (quod
176 2158 239 2218 fere
259 2156 314 2224 fit,
337 2156 386 2216 ubi
399 2154 514 2214 turbatis
531 2153 622 2224 acrius
639 2169 733 2237 metus

57 2253 140 2310 quam
157 2237 217 2298 dux
231 2236 373 2313 imperare
385 2233 495 2311 coepit>
513 2231 634 2291 totidem
652 2250 736 2298 erant

56 2311 268 2393 imperatores,
285 2331 357 2393 quot
367 2315 480 2396 agmina
492 2313 633 2394 errabant.
649 2313 734 2376 Alius

54 2391 171 2474 jungere
184 2394 303 2465 etiem
319 2395 390 2454 alius
407 2390 554 2466 diuidere5
572 2409 651 2451 stare
665 2392 734 2469 quia¹

56 2472 119 2535 dam
130 2497 140 2548 3
155 2491 186 2536 et
197 2474 332 2535 nonnulli
341 2469 506 2535 circumvehi
518 2486 599 2553 terga
611 2468 731 2538 hostium

55 2550 203 2692 ppbebant.
225 2552 308 2615 Nihil
327 2554 357 2611 in
373 2552 500 2629 medium
520 2551 733 2628 complebatur,

80 2654 146 2694 orus
157 2653 259 2694 tamen
271 2655 338 2693 cum
347 2633 462 2711 paucis,
477 2631 576 2709 quibus
585 2647 665 2704 uteru
677 2651 733 2706 pov

52 2711 112 2801 pipp
122 2715 222 2789 fiigfap
229 2712 341 2808 pudor,
353 2713 490 2809 pelligete
502 2711 663 2786 dispersos,
675 2710 733 2784 obn

526 2807 634 2905 qul
