1994 3632
255 315 313 383 ¹2'22
437 312 496 395 Q..
520 313 546 375 C
565 312 598 375 U
614 308 645 372 R
665 309 695 371 T
712 306 761 370 1'1

256 412 425 485 Terrarum,
443 410 556 492 inquit,
574 431 642 492 quas
658 406 789 470 Oceanus
806 402 874 466 hine
891 400 935 481 ah

253 495 326 565 luit,
338 493 418 557 illinc
428 490 534 555 claudit
544 489 759 580 Hellespontus,
770 484 856 566 poulo
868 502 934 545 aare

249 573 381 644 domini,
404 574 459 645 ‘am
467 591 521 632 non
531 569 566 632 de
577 568 691 650 glorta,
707 563 805 626 redde
820 562 940 633 salute,-

252 673 309 724 et,
338 596 410 734 quod
431 650 516 713 saluti
538 646 725 729 premitis,
748 641 782 703 de
803 639 934 703 libertate
989 654 991 693 1

249 731 429 871 pupnandum
450 747 503 792 est.
530 726 589 789 Hic
609 725 671 787 dies
693 721 858 805 imperium,
881 738 933 800 pua
990 750 991 759 κ

252 832 290 873 nu
303 810 362 872 lum
370 807 489 892 amplius
501 804 574 868 uidit
589 824 677 874 setas,
696 818 743 863 aas
758 799 932 870 constituet,
990 798 991 871 3

253 909 303 951 aut
312 889 412 970 finiet.
431 884 513 970 Apud
527 883 684 947 Granicum
698 879 814 942 minima
828 877 931 938 virium
990 880 991 905 ³

251 987 332 1051 parte
342 989 403 1029 sum
413 964 669 1028 hoste'cestouimus
684 988 695 1023 .-
711 958 741 1020 io
753 956 861 1020 Cilicia
872 956 932 1027 uie,

254 1068 300 1110 tos
316 1046 398 1129 Syria
413 1055 531 1126 poterat
542 1042 669 1125 excipere
688 1066 698 1100 .·
717 1058 819 1118 magna
835 1032 931 1098 muni·

254 1144 348 1188 menta
363 1125 442 1206 regni
460 1122 557 1204 Tigris
570 1139 650 1202 atque
664 1116 821 1199 Euphrates
840 1129 930 1176 mant

254 1205 375 1289 {sentum
391 1221 435 1264 est
450 1222 504 1273 eo,
526 1200 598 1261 unde
612 1197 703 1282 pulsis
721 1218 757 1257 ne
766 1194 849 1275 fugae
867 1192 930 1273 quie
990 1232 991 1237 κ

254 1284 317 1352 dem
340 1283 416 1344 locus
437 1302 492 1346 est.
520 1279 625 1342 Omnia
646 1296 704 1340 tam
729 1275 836 1336 diutino
859 1271 930 1334 hello

234 1361 393 1424 ›exhausta
414 1377 479 1442 post
500 1378 608 1442 tergum
630 1374 696 1418 sunt
715 1382 730 1417 .··
745 1374 800 1416 non
820 1350 932 1433 incolas

158 1504 161 1511 ,
249 1446 321 1503 ‘snos
348 1439 458 1513 urhes;
490 1461 544 1501 nott
566 1436 685 1499 cultores
706 1432 807 1496 hahent
835 1450 931 1494 terta.

255 1519 398 1603 Coniuges
421 1539 523 1599 quoque
535 1535 572 1579 et
591 1514 675 1577 liberi
691 1514 840 1592 seqieuntur
860 1510 931 1571 hant

255 1600 350 1661 oriem
367 1626 377 1659 .·
392 1600 498 1689 parata
519 1594 644 1658 hostibus
661 1593 780 1675 pareda,
802 1589 861 1651 nisi
885 1608 931 1670 pto
990 1618 991 1627 ¹

255 1678 416 1750 carissimas
434 1675 599 1759 pignoribus
624 1693 736 1754 corpora
760 1669 932 1752 opponimus·

254 1753 342 1838 Quod
362 1776 481 1816 meatum
495 1755 556 1833 fuit
573 1753 693 1835 partium
706 1770 719 1822 ,·
733 1749 902 1815 ¹exereitum
920 1788 932 1817 ,

254 1856 334 1916 quem
343 1856 414 1918 pene
428 1835 562 1915 immensa
575 1832 710 1914 planities
727 1829 777 1909 rite
795 1825 932 1910 caperet,

254 1914 411 1996 comparati
431 1942 441 1976 .·
459 1935 540 1994 equos
551 1922 569 1985 ,’
583 1914 660 1973 asmo
676 1906 808 1970 distribui
829 1933 839 1967 :
859 1918 952 1987 ro'm-¹

254 2011 392 2064 meatus,
417 2013 452 2053 ne
471 2010 557 2064 tante
579 1987 749 2052 multitudini
773 1985 932 2055 deessent,

253 2066 365 2154 providi
377 2097 387 2131 .·
399 2071 506 2142 lotum,
528 2072 558 2133 in
570 2092 620 2151 quo
630 2069 707 2133 acies
718 2064 855 2148 explicari
867 2084 933 2146 pesa

140 2208 145 2221 ,
255 2169 320 2220 set,
336 2149 420 2231 elegi.
434 2149 541 2213 Cetera
551 2152 581 2212 in
592 2168 685 2211 vestm
694 2162 835 2229 potestate
845 2161 931 2204 suast

204 2282 206 2287 .
255 2231 355 2291 audete
366 2230 444 2290 modo
456 2226 569 2292 uincere
577 2224 777 2309 3famamque,
792 2222 933 2301 infirmis-

255 2310 355 2370 simum
364 2306 596 2385 aduersusfortes
606 2307 682 2370 uiros
693 2303 794 2373 seium,
808 2321 931 2364 contem-

254 2387 326 2448 nite.
343 2384 499 2448 Temeritas
519 2405 582 2457 est,
603 2405 684 2467 quam
698 2382 787 2445 adhuc
800 2403 853 2474 pro
870 2382 931 2442 uir-

254 2483 313 2527 tute
337 2466 472 2527 timuistis
489 2494 499 2528 .-
518 2488 577 2547 quee
597 2465 643 2525 ahi
661 2464 777 2546 primum
801 2479 933 2541 impetum

255 2543 376 2626 effudit,
408 2545 484 2606 uelut
511 2544 635 2621 quadam
663 2540 797 2604 animatia
828 2541 936 2601 amisso

255 2624 350 2686 aculeo
367 2641 463 2704 torpet.
488 2623 530 2685 Hi
545 2645 608 2687 uero
625 2621 712 2703 campi
730 2617 935 2700 deprehendere

251 2703 446 2788 pueritatem,
468 2701 673 2785 quantCih‘cia
687 2717 794 2764 montet
810 2699 934 2779 abscon-
