1936 3644
210 297 269 363 446
390 282 433 363 Q.
474 281 501 346 C
520 281 554 344 U
572 281 601 343 R
618 281 647 343 T
665 279 680 341 l
700 280 717 342 Ῑ

210 387 275 447 filiis
291 382 381 455 adiit,
401 384 428 444 si
438 383 556 465 pretium
567 382 640 465 operi
657 397 753 476 esset,
774 380 886 445 aditum

208 487 240 527 re
258 483 473 526 monstraturum
493 484 556 524 esse
574 478 755 543 promittens.
779 484 885 527 cxxx

207 543 313 606 talenta
333 544 482 608 constituit
498 543 627 607 daturum
643 542 832 616 Alexatden
856 560 887 607 er
956 580 957 601 2

207 627 299 686 altero
311 646 349 686 ex
364 624 511 705 juvenibus
527 624 623 684 obside
632 640 768 692 retento,
786 623 884 703 ipsum

207 706 243 774 ad
252 704 437 783 exequenda,
448 723 510 782 quae
522 703 682 773 obtulerat,
692 702 816 766 dimisit.
828 701 885 762 Le·

206 786 281 849 viter
289 784 404 846 armatis
413 783 471 847 dux
478 782 557 847 datus
567 800 609 843 est
618 783 778 852 Maltinus,
792 783 886 845 scriba

206 866 292 949 regis.
313 864 378 925 Hos
393 862 472 924 enim
487 861 661 930 circumitu,
679 863 731 939 qui
749 862 887 927 fallerent

209 944 344 1014 hostem,
361 945 547 1004 insummum
557 941 658 1023 jugum
668 943 804 1020 placebat
815 961 887 1004 eva·
957 990 958 1021 q

207 1027 285 1088 dere.
300 1024 383 1089 Petra
398 1044 457 1083 non
473 1040 506 1085 ut
519 1021 684 1099 pleraque,
705 1021 833 1082 modicis
851 1041 886 1094 ac

207 1105 344 1166 mollibus
354 1099 887 1180 clivisinsubljmefastigiumerenin

208 1185 257 1246 sed
276 1185 305 1243 in
323 1201 407 1243 rnecae
425 1180 551 1243 maxime
569 1179 690 1245 modum
706 1197 808 1243 erecta
821 1200 884 1243 est:

205 1264 287 1355 cujus
298 1261 356 1351 ima
372 1260 538 1340 spatiosiora
551 1273 636 1350 sunt,
656 1259 761 1322 altiora
773 1261 806 1320 in
822 1280 885 1322 arce

206 1359 261 1411 trus
279 1356 405 1410 coeunt,
425 1360 539 1405 summa
556 1358 588 1401 rn
604 1355 722 1401 acutum
741 1358 884 1402 cacumen

205 1437 358 1504 exurgunt,
370 1419 490 1484 Radices
504 1417 567 1496 ejus
577 1417 661 1481 indus
674 1416 770 1481 amnis
788 1421 883 1489 subit,
958 1466 959 1469 ,

204 1505 336 1580 praeaitus
351 1500 494 1576 utrimque
511 1497 613 1576 asperis
629 1497 720 1576 ripis:
737 1499 776 1560 ab
793 1500 885 1562 altera

205 1599 286 1660 parte
301 1580 452 1661 voragines
465 1577 628 1656 eluviesque
644 1597 791 1657 praemptae
808 1596 885 1643 sunt.

206 1660 274 1721 Nec
285 1660 342 1723 alia
352 1655 532 1738 expugnandi
541 1660 654 1734 patebat
662 1656 730 1729 viai
750 1680 846 1737 quam
857 1672 889 1720 ut

206 1740 391 1819 replerentur.
409 1736 457 1797 Ad
474 1756 592 1797 manum
604 1736 675 1802 silua
687 1754 771 1807 erat,
794 1759 885 1818 quatu

205 1841 258 1881 rex
268 1817 309 1879 ita
321 1815 392 1879 credi
404 1817 498 1894 jussit,
514 1833 544 1876 ut
553 1813 621 1877 nudi
633 1815 746 1896 stipites
754 1816 887 1896 jacerenr
959 1846 960 1875 ι

207 1898 254 1963 τἰιν
268 1923 278 1957 .·
291 1898 394 1975 quippe
402 1896 473 1956 rami
483 1894 584 1956 fronde
594 1895 687 1961 vestiri
696 1896 885 1975 impedissent

206 1978 338 2039 ferentes.
351 1976 414 2054 Ipse
423 1974 530 2053 primus
540 1992 670 2037 urracam
687 1977 826 2038 arborem
837 1977 881 2054 je·

204 2057 267 2130 citq
285 2057 453 2134 clamorque
470 2054 610 2115 exercitus
623 2052 709 2133 iudea
725 2053 882 2135 alqcrituis

204 2152 316 2198 secutus
323 2152 382 2204 est,
393 2133 476 2196 nullo
486 2133 657 2195 detrectante
667 2122 792 2205 arsinus,
806 2132 885 2214 quod

205 2236 258 2278 rex
274 2231 449 2292 occupasset.
467 2214 545 2275 Intra
562 2213 717 2291 septimum
732 2214 815 2276 diem
832 2236 885 2277 ca·

199 2313 307 2363 pernas
316 2294 504 2375 expleverant
510 2313 520 2357 s
536 2313 603 2358 cum
614 2312 666 2358 rex
679 2315 710 2365 sa
732 2293 845 2360 'tratios
856 2310 888 2355 et

206 2371 351 2455 Agrianos
366 2371 505 2450 jubetper
519 2371 605 2433 ardua
621 2371 684 2436 niti.
716 2393 888 2452 uvesesque

205 2451 413 2531 promtissimos
423 2472 460 2513 err
471 2473 521 2512 sua
533 2449 653 2512 cohorte
667 2472 745 2513 xxx
763 2452 890 2535 delegit.

206 2532 305 2597 Duces
320 2526 363 2590 his
374 2530 432 2591 dati
446 2548 510 2591 sunt
526 2527 637 2590 Charus
651 2548 681 2591 et
691 2530 888 2607 Alexandert

205 2633 293 2691 quem
309 2630 359 2671 rex
370 2609 510 2679 nominis,
530 2607 601 2687 quod
611 2606 667 2668 sibi
678 2629 741 2670 cunt
756 2631 789 2671 eo
804 2631 888 2673 com-

205 2711 288 2783 mitte
312 2707 408 2761 esset,
431 2686 590 2755 admonuit.
609 2687 656 2763 Ac
674 2689 795 2771 primo,
816 2693 889 2773 quia
