1994 3632
273 280 465 352 LIBER
508 289 582 353 le
705 310 762 362 227

83 405 174 450 antea
185 387 262 456 fuit,
277 392 477 468 perseveravit.
492 391 562 451 Non
573 387 700 452 voxulla
712 404 765 459 ort*
781 398 785 407 '

7 484 9 517 J
84 468 157 529 cidit
172 471 201 529 ei
214 494 224 529 :
238 489 299 545 non
310 470 367 530 otis
376 469 480 541 color,
497 473 626 533 vultusve
641 486 766 530 mutatus

86 565 152 609 este
168 549 219 610 sed
234 549 305 610 sedit
315 550 472 611 immobilis
489 550 621 625 (credo,
636 556 763 626 praecoce

85 628 202 708 gaudio-
218 626 312 706 verita
325 627 470 705 fortunam
488 630 624 699 irritare)
641 628 713 689 adeo
732 643 765 688 ut

28 712 30 717 ⁴
86 707 156 783 quid
176 706 495 776 mallet,.intuentibus
512 706 594 770 fuerit
611 707 763 769 incertum·

7 836 9 841 ,
86 785 169 847 Inter
190 785 256 846 haec
273 789 441 865 Amyntas,
469 788 613 866 praefectus
635 787 764 873 equitum

86 864 275 934 Alexandri,
295 886 361 927 cum
376 865 474 945 paucis
487 866 586 928 turmis
602 880 689 941 opem
704 863 777 922 ima*

85 942 261 1022 pedimentis
289 944 394 1007 laturus
410 945 597 1016 advenetat‘t
623 943 764 1005 incertum

87 1044 180 1092 suone
191 1022 316 1085 consilio
328 1064 338 1094 ,
361 1046 398 1085 an
406 1045 436 1086 re
459 1025 481 1086 is
491 1024 625 1102 imperio.
637 1022 691 1083 Sed
703 1038 764 1083 non

86 1104 220 1164 sustinuit
233 1102 424 1165 Cadusiorum
438 1045 659 1183 §cytharumque
671 1102 765 1179 impe·

85 1197 147 1243 tum
159 1206 169 1243 t
182 1183 288 1263 quippe
302 1183 350 1244 vix
363 1200 473 1245 tentato
489 1182 644 1246 certamine
659 1181 764 1265 refugit
784 1187 787 1197 “

86 1263 120 1321 ad
145 1260 251 1342 regern
262 1301 272 1330 ‚
296 1263 466 1323 amissorum
491 1263 767 1340 impedimentorum

85 1341 162 1401 testis
172 1341 266 1421 magis
276 1346 390 1419 ‚quam
401 1342 516 1405 uindex.
526 1344 592 1410 Jam
608 1340 780 1423 consilium¹

85 1421 246 1481 Alexandri
261 1421 367 1481 vicerat
383 1420 468 1482 dolor
479 1446 487 1482 r
499 1440 527 1483 et
541 1442 576 1481 ne
592 1440 658 1481 cura
676 1440 760 1481 recu-

84 1501 202 1576 perandi
223 1504 274 1560 sua
295 1499 417 1560 militem
441 1524 458 1561 a
478 1503 575 1578 pr'aelio
597 1516 760 1570 averterett

85 1598 144 1639 non
160 1579 316 1639 immerito
334 1579 610 1658 verebatur.31taqu'e
630 1578 760 1647 Areten,
780 1572 784 1587 ¹

84 1658 188 1720 duceni
217 1658 422 1730 hastatorum,
452 1681 523 1738 quos
553 1654 765 1739 rurirsopirorot

83 1741 251 1806 vocabant,
272 1738 402 1799 adversus
422 1738 538 1817 Scythas
560 1737 657 1797 mittit.
683 1739 760 1797 lnter

83 1815 278 1890 berennus,
302 1818 350 1895 qui
365 1819 441 1879 circa
457 1819 548 1896 prima
567 1816 644 1896 signa
659 1817 760 1876 turba·

83 1896 183 1958 vetant
193 1897 310 1964 aciem,
331 1896 359 1955 in
369 1896 541 1979 phalangem
552 1894 657 1955 inuecti
666 1912 761 1957 etanta

85 1976 263 2038 Macedones
280 1975 453 2055 confirmatis
466 1975 568 2038 animis
584 1976 613 2034 in
631 1975 758 2035 medium

83 2055 191 2137 agmen
207 2055 364 2133 accipiunt.
381 2057 471 2119 Vallo
482 2056 581 2118 similis
592 2055 667 2116 acies
676 2072 737 2115 erat
749 2077 759 2117 a

84 2133 240 2214 junxerant
250 2133 363 2210 hastas3
384 2154 414 2196 et
423 2140 458 2197 ab
468 2155 591 2213 utroque
606 2136 693 2195 latere
711 2154 756 2194 te-

82 2215 387 2277 mere'incur'tentium
407 2216 458 2276 iiia
476 2213 673 2277 suffodiebant.
691 2211 757 2271 Cir·
781 2220 783 2225 '

83 2296 194 2355 cumite
210 2294 318 2373 ,deinde
342 2296 461 2364 curtus,
482 2312 511 2358 et
531 2309 758 2374 propugnatores

82 2375 258 2452 praecipitare
271 2378 430 2452 coeperunt.
448 2376 551 2458 Ingens
566 2375 645 2434 ruina
662 2391 754 2448 equo·

7 2484 8 2489 1
64 2452 146 2513 'rum
156 2454 376 2533 aurigarumque
388 2450 483 2516 aciem
492 2455 697 2532 compleverat.
714 2448 756 2511 Hi
771 2455 774 2462 '

82 2534 197 2593 territos
213 2551 312 2614 regere
330 2550 390 2593 nott
401 2551 534 2613 poterant
550 2557 558 2595 ε
577 2532 641 2610 equi
656 2532 755 2592 crebra

81 2610 240 2688 jactatione
257 2613 402 2672 cervicum
413 2634 472 2674 non
484 2615 583 2695 jugum
602 2610 688 2672 modo
701 2626 758 2666 ert*⁴

81 2706 228 2756 miserant
241 2713 253 2766 3
271 2690 325 2754 ⁴sed
350 2693 438 2755 ctiam
449 2734 453 2747 ι
465 2715 560 2757 curtus
584 2690 777 2771 euerterapti'
