1936 3644
258 272 284 350 l
305 285 362 352 113
382 288 454 353 ER
500 282 516 352 l
535 285 579 354 Χ.
693 283 754 366 'rer'

78 388 192 452 nonen
204 389 307 452 belluis
324 391 366 451 eis
383 390 503 451 inditum
516 411 533 451 a
549 387 656 453 Graecis
668 412 679 450 t
693 402 754 450 ser·

81 472 180 532 monis
189 471 250 550 ejus
258 471 349 551 ignari
359 471 435 530 aliud
445 471 541 550 lingua
551 493 598 532 sua
606 487 757 548 usurpant·

82 550 147 610 Rex
155 551 262 611 duabus
273 549 386 610 urbibus
396 550 516 610 conditis
527 549 683 629 inutraque
695 548 751 610 flu-

81 628 189 699 minis,
206 628 283 706 quod
294 647 491 706 superaverat,
507 627 588 706 ripa3
606 631 755 708 copiarum

56 778 59 781 ¹
81 708 167 769 duces
178 708 294 770 coronis
312 726 341 768 et
357 709 438 769 mille
452 709 542 769 aureis
556 710 683 791 singulos
700 710 754 768 do,-

81 804 150 848 nat:
165 789 265 849 ceteris
277 808 390 866 quoque
402 789 618 867 proportione,
632 805 681 850 aut
690 809 756 869 gra·

81 867 152 936 dus,
174 888 260 946 quern
270 869 299 927 in
310 868 412 928 militia
429 869 617 941 obtinebant3
635 884 685 933 aur
698 887 753 927 nar

73 965 153 1010 >vator
164 969 256 1026 operat
272 987 283 1017 ‚
304 947 398 1008 honos
414 946 525 1009 habitus
536 966 588 1009 est.
600 947 753 1015 Abisares,

79 1028 129 1106 qui
150 1030 226 1105 prius
251 1045 338 1106 quam
358 1048 426 1088 cum
447 1027 525 1089 Poro
545 1027 755 1095 dimicaretur,

74 1108 192 1199 legatos
214 1108 249 1167 ad
270 1108 466 1168 Alexandrum
488 1109 632 1177 miserat,
662 1125 756 1167 rursus

79 1188 154 1247 ahos
178 1188 278 1261 misit;
303 1187 471 1265 pollicentes
499 1186 592 1247 orurtiu
608 1184 755 1262 facturum

79 1285 141 1346 quae
152 1265 314 1344 imperasset
326 1309 336 1335 ,
360 1265 438 1326 modu
449 1287 484 1326 ne
499 1283 642 1346 cogeretur
655 1283 753 1343 corpur

78 1366 161 1406 suurn
181 1343 282 1408 dedere
293 1364 307 1418 ,⁶
329 1358 414 1424 neque
433 1344 507 1406 euim
529 1364 576 1406 aur
593 1344 657 1406 siue
674 1342 753 1423 regia

77 1423 194 1503 imperio
204 1424 339 1486 victurum
351 1451 360 1485 .·
373 1442 420 1483 aut
429 1442 602 1504 regnaturum
614 1443 676 1486 esre
688 1441 756 1503 cup·

77 1503 179 1565 riruru.
200 1503 257 1565 Cui
278 1505 444 1565 Alexander
458 1502 584 1564 nuntiari
604 1503 703 1577 iussirt
725 1498 753 1565 ti

74 1601 244 1664 gravaretur
253 1583 289 1643 ad
300 1604 331 1645 se
341 1581 458 1654 venire,
470 1583 559 1661 iprum
570 1581 607 1645 ud
618 1602 678 1642 tum
690 1599 753 1640 esre

77 1679 235 1725 venturum.
259 1663 337 1724 Hinc
359 1663 435 1724 Poro
457 1682 597 1740 amneque
621 1675 752 1739 superato

74 1742 113 1804 ad
134 1742 270 1804 interiora
287 1742 372 1803 Indiae
395 1744 545 1821 processio
562 1742 646 1803 Silvas
670 1754 752 1801 erant

67 1822 169 1900 prope
180 1823 210 1882 in
221 1823 395 1884 immensum
406 1822 527 1900 spatium
538 1819 641 1882 diffusa
652 1862 663 1890 ,
679 1840 750 1896 pro·

74 1904 206 1979 cerisque
224 1920 252 1962 et
271 1903 301 1961 in
318 1902 454 1963 eximiam
471 1900 650 1963 altitudinem
670 1897 751 1959 editis

75 1982 225 2042 arboribus
245 1983 395 2042 umbrosae.
416 1981 546 2058 Plerique
568 1980 640 2041 rami
665 1979 751 2039 instar

75 2061 239 2142 ingentium
257 2060 382 2137 stipitum
395 2059 462 2121 flexi
480 2059 667 2127 inhumani,
685 2078 749 2125 rur:

74 2161 140 2210 sus,
152 2161 248 2217 quase
259 2157 463 2209 curvaverant,
475 2140 654 2219 erigebantur
663 2137 748 2204 adeo,

74 2237 109 2280 ur
120 2221 227 2298 species
245 2238 316 2280 esser
331 2239 391 2279 non
406 2220 479 2279 rami
494 2218 681 2296 resurgentis,
702 2216 749 2275 sed

74 2298 185 2359 arboris
196 2319 231 2359 ex
243 2321 291 2360 sua
309 2298 403 2360 radice
413 2317 563 2380 generate.
579 2296 655 2356 Coeli
670 2313 749 2357 terne

73 2378 168 2457 peries
181 2378 297 2439 salubris
312 2403 321 2440 ε
336 2379 440 2456 quippe
450 2378 549 2440 etuim
560 2376 627 2436 solis
642 2378 748 2436 umbrae

74 2459 174 2521 levant
187 2479 198 2530 ς
217 2475 246 2518 et
258 2481 336 2536 aquae
348 2461 433 2540 largae
451 2474 568 2517 manant
581 2477 598 2517 e
610 2455 747 2519 fontibus.

74 2536 214 2598 Ceterum
226 2537 272 2597 hic
283 2559 395 2614 quoque
405 2536 577 2614 serpentium
589 2556 692 2616 magna
703 2535 747 2599 vis

73 2634 155 2681 erat,
178 2616 300 2693 squamis
309 2617 466 2700 fulgorem.
478 2617 539 2677 auri
558 2616 749 2681 reddentibus.

71 2692 161 2767 unus·
181 2694 375 2759 haudullum
400 2696 493 2778 magis
518 2695 644 2763 notium
671 2710 746 2762 ests
