1936 3644
211 298 405 366 LIBER
443 301 568 377 VIII.
664 309 729 377 '407

16 412 22 479 J
67 416 93 462 et
105 405 268 486 repugnanti
278 425 295 465 e
306 403 437 465 manibus
451 415 639 481 extorquent,
652 403 729 464 alles
765 438 769 446 ·

16 488 21 554 1³
68 499 210 561 varumque
229 486 259 544 in
280 484 492 545 tabernaculum
514 483 651 545 deferunt.
673 482 728 544 Ille

16 590 20 606 ·
66 557 138 622 humi
150 582 337 641 prostraverat
346 585 448 641 corpus
458 606 470 635 ,
480 565 589 646 gemitu
600 562 726 642 ejulatu·

16 648 19 684 ²
67 661 116 717 que
131 644 283 704 miserabili
297 662 357 705 tota
375 646 544 722 perionante
563 644 653 725 regia.
669 640 731 702 La·

67 721 243 784 niaredeinde
255 746 287 785 os
297 725 455 806 unguibus,
476 745 505 784 et
515 724 729 784 circumstantes

16 808 19 843 ²
66 819 180 881 rogare,
208 824 242 863 rte
261 824 293 864 se
313 822 389 864 tanto
407 802 534 863 dedecori
553 801 730 881 superstitem

16 888 18 919 ⁵
66 898 121 939 erse
129 900 295 961 paterentur.
311 885 344 944 In
358 883 408 943 has
421 901 519 960 preces
534 898 592 942 tora
605 902 665 941 nox
676 899 730 941 ex-

16 976 18 996 *
64 976 119 1037 acta
136 979 188 1024 est.
205 963 441 1040 Scrutantemque
455 1002 465 1032 ‚
480 982 543 1022 rrum
554 960 597 1027 ira
608 962 730 1020 Deorum

66 1035 98 1096 ad
106 1055 205 1100 tautum
216 1040 298 1119 nefas
313 1062 391 1104 attus
402 1043 501 1104 esset?
517 1041 590 1103 subit
600 1039 733 1102 anniuer-

65 1118 160 1180 sarium
179 1120 353 1202 sacrificium
376 1117 480 1183 Libero
498 1120 572 1199 patri
591 1141 645 1180 nort
667 1138 730 1180 esse

65 1195 190 1260 redditum
208 1219 313 1262 statuto
332 1220 459 1282 tempore.
478 1198 574 1280 ltaque
590 1199 663 1260 inter
681 1196 728 1258 ui·¹

64 1293 121 1365 auum
139 1296 166 1339 et
184 1281 279 1361 epulas
295 1280 370 1343 cade
389 1280 557 1349 commissa,
578 1280 649 1340 itam
665 1275 730 1339 Dei

59 1349 143 1426 fuisse
160 1360 348 1438 manifestam.
361 1360 496 1421 Ceterum
512 1361 649 1440 magiseo
659 1377 728 1418 mo-

64 1436 189 1524 vebatur,
205 1441 284 1518 quod
296 1440 429 1503 omnium
441 1441 600 1501 amicorum
614 1436 729 1501 animos

65 1514 168 1603 uidebat
181 1521 320 1583 attonitos
332 1543 340 1581 ε
353 1520 500 1582 neminem
516 1540 583 1580 cum
598 1520 661 1595 ipso
677 1537 728 1575 so·

65 1609 131 1655 etate
148 1618 312 1661 sermonem
329 1617 430 1678 postea
450 1620 594 1660 ausurum.
615 1597 730 1659 Viven-

65 1668 123 1734 dum
140 1697 196 1741 esse
215 1682 244 1740 in
266 1679 418 1741 solitudine
433 1679 512 1742 velut
526 1679 591 1739 ferre
605 1676 699 1737 bestiae
715 1715 728 1747 ,

65 1758 166 1816 terrenti
183 1760 276 1829 alias,
297 1760 367 1820 alias
380 1759 504 1822 timenti.
516 1758 610 1817 Prima
625 1753 728 1816 deindo

64 1827 119 1892 luce
129 1834 302 1900 tabernaculo
312 1858 360 1899 tor
378 1858 428 1907 us,
441 1835 612 1899 sieutadhuc
622 1855 728 1897 cruen-

64 1923 202 1998 funerat,
222 1919 300 1992 iussit
318 1858 432 1994 inlini.
457 1916 529 1995 Quo
549 1915 644 1993 posito
660 1931 728 1985 aare

63 2007 163 2064 lpum,
185 1997 319 2077 lacrymis
345 1997 473 2066 obortis,
495 1994 589 2065 lant,
608 1993 726 2082 inquit,

62 2071 152 2132 nutriri
169 2096 235 2138 meae
248 2076 374 2157 gratiam
391 2073 496 2144 retuli,
518 2077 596 2155 cujus
609 2073 661 2134 duo
662 2070 728 2152 filii

63 2150 124 2226 alud
146 2151 277 2217 Miletum
300 2177 350 2238 pro
375 2176 436 2216 mea
455 2154 551 2235 gloria
580 2149 729 2212 occubuere

62 2242 186 2314 mortem:
202 2234 249 2296 tic
263 2234 358 2312 frater
374 2233 484 2295 unicum
500 2230 629 2292 orbitatis
647 2226 726 2290 sola«

62 2318 120 2367 trum
130 2333 146 2370 a
156 2315 282 2376 meimet
294 2313 388 2396 epulas
397 2312 508 2376 occisus
516 2330 570 2375 est.
580 2305 644 2389 Quo
655 2326 728 2371 nuno

58 2400 88 2444 te
108 2391 229 2467 conferet
250 2394 387 2455 mirera?
416 2391 553 2454 Omnibus
574 2391 634 2452 e'ur
656 2407 728 2450 unus

61 2478 211 2544 supersum,
232 2494 310 2554 quem
325 2472 413 2539 solum
427 2471 513 2552 aequis
527 2413 617 2533 osuit
632 2467 729 2541 uidere

61 2560 108 2606 noa
115 2554 230 2628 poterit.
245 2550 285 2613 Et
302 2574 352 2634 ego
363 2571 536 2614 servatorum
552 2570 672 2612 meorum
683 2547 729 2609 lan

61 2635 116 2694 ²f⁰s
142 2632 312 2695 retentoria
330 2632 472 2726 patriam,
495 2649 525 2693 ut
544 2653 579 2694 ae
599 2628 729 2690 dextram

60 2701 158 2777 lutam
181 2712 284 2776 autrici
308 2734 371 2776 stae
396 2710 529 2777 memoria
554 2704 730 2779 calamitatis
