2002 3636
272 276 306 323 26
372 266 400 316 J,
434 262 623 316 FREINSH.
655 263 846 325 SUPPLEM,

272 356 335 406 male
350 355 490 409 consulunt·
506 351 543 402 lm
558 350 633 403 litare
647 368 692 404 vot
706 354 794 406 volunt
805 353 888 406 iisdem
898 369 939 404 ca·

270 421 444 479 bonitatibus,
458 369 584 486 exquibus
598 420 667 472 modo
676 420 834 474 Macedonum
846 422 940 477 uirmce

271 504 342 554 atque
355 489 413 553 fide
426 487 525 543 liberati
543 485 600 539 estis
621 507 630 536 :
651 503 761 554 tantoque
783 488 938 554 maioribus,

264 572 363 629 quanto
373 554 559 621 formidabilior
571 554 647 609 hostis
653 555 760 619 futurus
774 570 834 608 esset
849 556 941 623 Philip·

267 642 334 693 pus,
352 640 422 689 quom
439 623 602 681 Philomelus,
625 638 668 673 auc
680 622 846 679 Onomarchus
857 623 943 686 suere.

257 692 343 741 -Nam
352 690 492 757 inprecario
501 688 598 756 imperio
611 690 684 740 etiam
697 688 752 740 boni
766 691 941 741 duciseonatus

273 759 335 815 haud
350 760 430 811 minut
442 757 507 815 cives
518 770 588 821 quom
595 756 672 817 hostes
682 757 829 823 prepediant
839 776 847 804 :
857 773 941 824 regum

268 828 344 892 iussis
364 842 430 877 nemo
446 823 589 879 intercedit,
607 840 673 875 nemo
690 824 832 891 refragatur
847 838 855 871 τ
870 825 942 877 unius

273 892 384 957 arbitrio
390 890 473 945 cuncti
484 904 613 956 reguntur.
622 890 652 941 In
666 907 725 957 quo,
741 906 856 955 quantum
868 890 895 940 in
907 907 943 943 re·

274 958 319 1017 bus
334 960 425 1012 bellicis
442 972 586 1009 momentum
601 957 655 1014 sic,
673 974 720 1009 nan
735 957 866 1025 ignoratis.
890 957 943 1008 Nec

713 1025 719 1035 e

267 1031 323 1094 jam
334 1027 517 1090 innnocorpore
526 1022 697 1075 Macedonibus
710 1025 735 1075 sd
758 1024 883 1075 residium
897 1038 944 1080 est·

275 1094 414 1159 Philippum
427 1092 472 1143 etsi
481 1089 567 1154 fatum
581 1089 707 1154 auferret,
721 1041 860 1143 ,detonder
875 1109 944 1158 reget·

276 1174 364 1215 nerant
381 1160 421 1225 qui
428 1162 481 1221 iam
497 1157 523 1209 in
535 1157 679 1209 adolescenti
691 1160 814 1220 hacatate
827 1175 854 1209 ea
867 1158 944 1209 animi

274 1227 408 1307 inpeniique
424 1226 564 1277 documento
578 1224 675 1283 edidit,
697 1239 725 1276 ut
742 1242 814 1292 prope
828 1241 920 1277 constet
933 1258 942 1282 ,

275 1294 377 1345 summis
386 1290 569 1359 imperatoribus
573 1307 656 1356 parem
665 1292 841 1355 essesuturum·
851 1293 944 1344 Contra

275 1361 339 1426 apud
353 1358 507 1411 Athenienses
520 1358 588 1424 pacis
602 1356 701 1424 bellique
715 1357 871 1427 arbitrium,
890 1359 944 1425 quio

273 1442 343 1501 penes
356 1440 435 1479 omues
449 1439 501 1483 est,
515 1426 584 1475 uelut
597 1424 622 1473 in
631 1427 707 1478 medio
717 1425 823 1491 positum
834 1426 944 1476 audacis»

275 1495 354 1553 simus
366 1494 461 1560 quisque
476 1493 508 1548 ad
522 1508 546 1541 se
561 1491 638 1545 trahit
646 1512 657 1554 ,·
675 1492 764 1558 impetu
780 1509 804 1541 m
821 1493 859 1542 vis
875 1509 944 1558 quam

265 1561 378 1619 ,consilio
396 1573 485 1613 cuncta
502 1572 634 1625 aguntur:
652 1559 755 1610 homines
769 1576 807 1608 ma
821 1561 873 1626 igni
890 1576 943 1611 sua·

268 1630 352 1683 ,dent‚
363 1626 478 1694 imperiti
493 1626 622 1679 decernunt
636 1645 645 1673 .·
660 1623 749 1679 bellum
764 1628 871 1677 sumitur
890 1628 944 1677 ani-

267 1695 386 1753 ·onosius,
400 1708 472 1759 quam
479 1691 581 1759 geritur
595 1711 604 1743 .·
612 1690 709 1754 foedera
721 1693 785 1753 haud
798 1693 889 1745 minori
901 1695 944 1757 fa·

266 1763 375 1821 ¹uilitate
388 1776 459 1827 quam
467 1760 570 1823 iunxere
583 1757 689 1809 violant.
706 1759 772 1811 Nam
785 1774 808 1812 et
819 1774 876 1811 eum
890 1761 946 1812 Phi-

278 1831 342 1896 lippo
351 1829 435 1894 foedus
448 1826 507 1894 ipsis
521 1842 576 1887 etot
592 1826 730 1892 quodquam
738 1843 818 1879 sancte
831 1843 945 1885 servent,

278 1912 306 1949 re
321 1897 371 1960 ipsa
384 1896 528 1949 declarant:
545 1909 587 1945 net
598 1892 661 1944 enim
670 1911 715 1960 pro
728 1894 831 1955 sefidem
844 1896 948 1949 violasse

279 1962 343 2015 satis
354 1960 459 2022 habent;
475 1959 572 2027 nisiptr
584 1958 645 2025 ipsos
655 1962 731 2011 latius
743 1975 822 2026 serpat
833 1960 884 2013 isto
895 1979 948 2019 con·

279 2028 360 2094 ragio.
369 2027 457 2083 Vestra
464 2041 543 2077 autern
551 2028 690 2079 constantio
698 2064 707 2084 ‚
716 2025 835 2089 lhebani,
846 2046 894 2093 qua
902 2045 948 2095 non

280 2097 439 2161 minusouom
452 2092 521 2146 rebus
531 2093 637 2157 fortiter
646 2093 797 2160 feliciterque
808 2099 888 2161 gestis
900 2111 948 2147 ma·

279 2163 326 2229 gui
337 2162 443 2227 tlaripue
455 2161 590 2219 habemini,
606 2176 655 2211 non
667 2161 727 2211 sinit
740 2161 877 2228 ambigere,
894 2164 948 2230 puin

279 2230 370 2279 'multis
382 2227 548 2294 experimentis
567 2226 690 2294 cognitam
708 2228 772 2294 regis
787 2229 947 2287 amiticiam,

193 2321 202 2325 ’
283 2311 374 2362 tempu
388 2294 481 2359 huesca
494 2295 734 2358 centulaequetiuitati
744 2296 876 2361 prolaturi
884 2298 947 2348 sitis.
970 2298 974 2303 ’

285 2362 366 2429 Neque
379 2378 437 2421 uero
450 2375 627 2411 averruncator
635 2364 754 2415 malornm
760 2363 949 2417 Herculessiue·

285 2430 340 2486 rit,
353 2445 383 2487 ut
393 2428 604 2496 quemindigenam
612 2427 730 2494 civemque
739 2427 818 2481 Deum
827 2432 950 2498 praecipua

285 2494 401 2562 religione
410 2496 513 2562 colitis,
525 2501 575 2560 ejus
588 2498 727 2563 sanguinem
737 2497 807 2562 impio
817 2496 950 2563 injustoque

285 2560 540 2629 bello‘persoquamini·
557 2561 623 2612 Nam
639 2579 728 2612 ceteras
742 2563 834 2629 quidem
849 2565 926 2619 socios
942 2599 949 2620 ,

286 2646 357 2696 paam
369 2630 484 2683 amicitie
496 2628 570 2695 regia
585 2645 631 2679 non
642 2630 774 2695 paeniteat,
790 2648 819 2680 on
834 2630 894 2697 ipsis
908 2647 949 2683 uos

267 2738 275 2749 ,
284 2699 353 2769 petalo
361 2713 507 2773 cognouere.
517 2697 574 2757 bloet
582 2694 688 2762 Python.
698 2694 788 2757 Auditi
799 2695 858 2755 dein
868 2695 949 2759 socio.
