1994 3632
268 250 460 318 LIBER
505 255 579 319 IV.
701 261 771 319 '2013

11 384 12 399 2
86 369 162 433 equo
173 353 387 434 praeeipirivit,
402 374 431 417 et
442 354 598 418 obluctanti
607 371 689 433 caput
699 357 771 437 glaz
851 342 858 353 ’

10 512 11 523 ¹
85 435 762 530 diodemsirzquodrelarumnragnaeumlnude

10 556 11 565 ἵ
88 515 451 686 anzieriisiiediiriiroriiiii
457 614 508 655 rex
522 594 622 656 stativa
637 592 735 684 habuit¹
752 611 762 652 s

88 692 118 729 rn
133 691 303 748 proximum
314 674 414 735 deinde
424 674 477 735 ite'r
485 674 661 751 pronuntiari
672 674 762 751 iussit.

89 749 143 810 Sed
154 753 249 829 prima
263 752 322 814 fere
336 753 366 814 vi
387 752 434 813 ’lia
447 753 516 813 luna
531 751 685 820 deficiens,
702 750 762 827 pri-

8 834 9 837 ’
89 849 170 890 mum
185 832 315 892 nitorem
330 832 353 892 si
371 833 425 893 eris
440 832 484 894 sui
498 832 644 903 condidit;
662 829 762 891 deinde

87 910 233 988 sanguinis
248 912 348 972 colore
364 911 469 973 suffuso
484 912 585 972 lumen
601 927 688 969 omne
705 908 761 969 foe-

87 988 164 1048 davit
178 1013 188 1050 s
203 990 388 1068 sollicitisque
404 995 454 1052 sub
471 990 566 1067 ipsum
582 988 654 1050 santi
669 988 768 1049 discri-

88 1068 173 1128 minis
187 1090 288 1130 casum
303 1071 402 1164 ingens
417 1069 542 1150 religio,
564 1085 594 1129 et
605 1089 641 1129 ex
655 1088 689 1128 ea
702 1067 766 1128 for·

89 1146 167 1207 mido
185 1149 316 1226 quaedanr
333 1170 444 1210 incussa
461 1164 513 1210 est.
525 1145 597 1208 Diis
613 1145 713 1208 invitis
731 1145 764 1205 in

88 1223 201 1287 ultimas
221 1245 310 1286 serras
331 1226 406 1288 truisi
427 1247 459 1287 se
477 1230 672 1305 querebantur.
694 1224 762 1288 Jurn

88 1305 268 1386 neeflunrina
277 1326 360 1386 posse
375 1304 448 1365 adiri
460 1325 473 1378 ;
488 1325 539 1366 nec
553 1304 648 1365 sidere
657 1302 762 1384 prissi-

89 1402 150 1443 num
160 1382 440 1466 praesrasefuigorem
452 1411 462 1444 .·
473 1400 570 1447 varrus
578 1401 670 1444 terras
682 1421 692 1453 ,
708 1381 761 1443 de·

88 1478 161 1522 serta
181 1463 279 1523 omnia
299 1483 439 1524 occurren
460 1489 470 1523 .-
492 1463 522 1523 in
539 1461 622 1522 unius
642 1461 763 1522 hominis

85 1540 269 1618 jactationem
279 1558 320 1603 tot
328 1541 446 1603 millium
454 1539 618 1620 sanguinem
628 1538 761 1678 impendi.

87 1616 216 1681 Fastidio
229 1640 293 1682 esse
303 1622 421 1702 patriam
434 1640 448 1693 ,·
465 1617 590 1681 abdicari
602 1616 657 1679 Pn·
670 1618 761 1699 ippum

84 1716 218 1778 patrem3
240 1699 336 1762 culum
353 1699 434 1762 venis
456 1696 672 1779 cogitationibus
687 1695 762 1776 peri.
858 1736 860 1741 ,

87 1779 150 1844 Jam
165 1802 223 1859 pro
234 1781 371 1843 seditione
387 1799 430 1840 res
440 1796 519 1839 erate
531 1798 597 1838 cum
609 1776 644 1837 ad
661 1775 761 1835 omnia

87 1858 249 1929 interritus,
270 1857 352 1920 duces
363 1857 507 1939 principes
524 1875 557 1916 ue
568 1851 761 1929 miiitumfre-

87 1956 200 2015 quenres
213 1937 313 2001 adesse
323 1935 448 2018 pretorio
459 1956 473 2009 ;
531 1933 692 2018 pypriosque
706 1952 761 1994 vn-

88 2033 148 2085 res,
169 2039 246 2097 quos
255 2019 320 2079 coeli
330 2039 364 2078 ac
373 2017 495 2078 sidemm
504 2015 686 2095 peritissimos
696 2033 761 2081 esse

86 2096 236 2168 credebat,
254 2095 319 2176 quid
332 2095 485 2164 sentirent,
500 2112 656 2175 expromere
668 2093 761 2170 juber.

86 2174 202 2248 Atini,
219 2178 267 2255 qui
279 2177 345 2238 satis
355 2176 477 2243 scirent,
493 2191 657 2250 temporum
674 2173 760 2231 orbes

86 2254 206 2333 implere
224 2257 374 2317 destinatas
392 2255 470 2316 vices
486 2274 497 2329 3
514 2253 669 2329 lunamque
685 2248 760 2313 defi-

87 2352 177 2405 cere,
204 2357 272 2396 cum
291 2353 341 2405 aut
357 2353 463 2396 terram
481 2333 607 2400 subiret,
628 2348 678 2391 aut
696 2331 759 2391 sole

86 2431 280 2491 premeretur:
292 2415 434 2476 rationem
441 2412 557 2490 quidem
565 2410 630 2489 ipsis
639 2428 759 2488 percep-

87 2508 145 2552 rem
164 2515 227 2554 non
245 2495 369 2556 edocent
384 2493 512 2574 uulgus3
534 2508 660 2553 ceterum
678 2488 761 2551 affin*

86 2591 187 2645 mant,
205 2571 292 2633 solem
305 2572 487 2641 Graecorum,
506 2570 597 2635 lunen
610 2588 672 2629 esse
682 2566 757 2627 Per-

86 2669 178 2714 sarum
188 2677 201 2715 :
213 2651 323 2735 quoties
336 2650 387 2715 illu
402 2649 539 2736 unicias,
556 2648 665 2715 mirem
679 2661 760 2714 stret
