<?xml version="1.0" encoding="UTF-8"?>
<!DOCTYPE html PUBLIC "-//W3C//DTD XHTML 1.0 Transitional//EN"
    "http://www.w3.org/TR/xhtml1/DTD/xhtml1-transitional.dtd">
<html xmlns="http://www.w3.org/1999/xhtml" xml:lang="en" lang="en">
 <head>
  <title>
</title>
<meta http-equiv="Content-Type" content="text/html;charset=utf-8" />
  <meta name='ocr-system' content='tesseract 3.04.00' />
  <meta name='ocr-capabilities' content='ocr_page ocr_carea ocr_par ocr_line ocrx_word'/>
</head>
<body>
  <div class='ocr_page' id='page_1' title='image "./qcurtiirufidere03rufugoog_0181.png"; bbox 0 0 1962 3632; ppageno 0'>
   <div class='ocr_carea' id='block_1_1' title="bbox 201 250 769 339">
    <p class='ocr_par' dir='ltr' id='par_1_1' title="bbox 201 250 769 339">
     <span class='ocr_line' id='line_1_1' title="bbox 201 250 769 339; baseline -0.023 -12"><span class='ocrx_word' id='word_1_1' title='bbox 201 278 204 283; x_wconf 86' lang='grc'><strong>“</strong></span> <span class='ocrx_word' id='word_1_2' title='bbox 264 271 322 339; x_wconf 52' lang='lat' dir='ltr'>l1516</span> <span class='ocrx_word' id='word_1_3' title='bbox 442 258 491 337; x_wconf 52' lang='lat' dir='ltr'>Qu</span> <span class='ocrx_word' id='word_1_4' title='bbox 527 250 769 318; x_wconf 72' lang='lat' dir='ltr'><strong>CURTM</strong></span> 
     </span>
    </p>
   </div>
   <div class='ocr_carea' id='block_1_2' title="bbox 213 353 947 2109">
    <p class='ocr_par' dir='ltr' id='par_1_2' title="bbox 213 353 947 2109">
     <span class='ocr_line' id='line_1_2' title="bbox 259 353 947 439; baseline -0.012 -16"><span class='ocrx_word' id='word_1_5' title='bbox 259 365 379 439; x_wconf 80' lang='lat' dir='ltr'>Vixque</span> <span class='ocrx_word' id='word_1_6' title='bbox 401 360 461 420; x_wconf 91' lang='lat' dir='ltr'>ulla</span> <span class='ocrx_word' id='word_1_7' title='bbox 483 361 585 419; x_wconf 86' lang='lat' dir='ltr'>domus</span> <span class='ocrx_word' id='word_1_8' title='bbox 607 356 751 433; x_wconf 81' lang='lat' dir='ltr'>purpurati</span> <span class='ocrx_word' id='word_1_9' title='bbox 774 353 830 421; x_wconf 80' lang='lat' dir='ltr'>luit</span> <span class='ocrx_word' id='word_1_10' title='bbox 855 368 947 415; x_wconf 68' lang='lat' dir='ltr'>taum</span> 
     </span>
     <span class='ocr_line' id='line_1_3' title="bbox 260 435 947 517; baseline -0.015 -13"><span class='ocrx_word' id='word_1_11' title='bbox 260 443 350 505; x_wconf 79' lang='lat' dir='ltr'>eladis</span> <span class='ocrx_word' id='word_1_12' title='bbox 379 459 489 517; x_wconf 84' lang='lat' dir='ltr'><strong>expers.</strong></span> <span class='ocrx_word' id='word_1_13' title='bbox 520 435 729 496; x_wconf 80' lang='lat' dir='ltr'>Lacedaemonii</span> <span class='ocrx_word' id='word_1_14' title='bbox 762 453 884 511; x_wconf 86' lang='lat' dir='ltr'>quoque</span> <span class='ocrx_word' id='word_1_15' title='bbox 917 449 947 494; x_wconf 88' lang='lat' dir='ltr'>et</span> 
     </span>
     <span class='ocr_line' id='line_1_4' title="bbox 261 511 947 585; baseline -0.022 0"><span class='ocrx_word' id='word_1_16' title='bbox 261 520 451 585; x_wconf 82' lang='lat' dir='ltr'>Athenienses</span> <span class='ocrx_word' id='word_1_17' title='bbox 471 516 611 580; x_wconf 85' lang='lat' dir='ltr'>societatis</span> <span class='ocrx_word' id='word_1_18' title='bbox 631 513 690 584; x_wconf 87' lang='lat' dir='ltr'>fide</span> <span class='ocrx_word' id='word_1_19' title='bbox 710 512 820 582; x_wconf 71' lang='lat' dir='ltr'>uiolata</span> <span class='ocrx_word' id='word_1_20' title='bbox 843 511 947 571; x_wconf 79' lang='lat' dir='ltr'><strong>Persas</strong></span> 
     </span>
     <span class='ocr_line' id='line_1_5' title="bbox 262 589 945 671; baseline -0.016 -9"><span class='ocrx_word' id='word_1_21' title='bbox 262 599 375 671; x_wconf 77' lang='lat' dir='ltr'>secuti3</span> <span class='ocrx_word' id='word_1_22' title='bbox 393 598 491 659; x_wconf 80' lang='lat' dir='ltr'>Aristo</span> <span class='ocrx_word' id='word_1_23' title='bbox 511 597 593 665; x_wconf 86' lang='lat' dir='ltr'>iton,</span> <span class='ocrx_word' id='word_1_24' title='bbox 610 592 752 671; x_wconf 80' lang='lat' dir='ltr'>Dropides</span> <span class='ocrx_word' id='word_1_25' title='bbox 768 607 795 651; x_wconf 86' lang='lat' dir='ltr'>et</span> <span class='ocrx_word' id='word_1_26' title='bbox 807 589 945 666; x_wconf 66' lang='lat' dir='ltr'>Iphicroe</span> 
     </span>
     <span class='ocr_line' id='line_1_6' title="bbox 262 616 944 753; baseline -0.016 -12"><span class='ocrx_word' id='word_1_27' title='bbox 262 698 332 748; x_wconf 81' lang='lat' dir='ltr'>tes,</span> <span class='ocrx_word' id='word_1_28' title='bbox 354 680 429 738; x_wconf 83' lang='lat' dir='ltr'>inter</span> <span class='ocrx_word' id='word_1_29' title='bbox 458 616 647 738; x_wconf 75' lang='lat' dir='ltr'>Adtenienses</span> <span class='ocrx_word' id='word_1_30' title='bbox 672 689 778 753; x_wconf 78' lang='lat' dir='ltr'>genere</span> <span class='ocrx_word' id='word_1_31' title='bbox 801 670 944 747; x_wconf 78' lang='lat' dir='ltr'>famaque</span> 
     </span>
     <span class='ocr_line' id='line_1_7' title="bbox 262 746 945 837; baseline -0.015 -18"><span class='ocrx_word' id='word_1_32' title='bbox 262 760 352 837; x_wconf 83' lang='lat' dir='ltr'>longe</span> <span class='ocrx_word' id='word_1_33' title='bbox 362 755 509 819; x_wconf 82' lang='lat' dir='ltr'>clarissimi</span> <span class='ocrx_word' id='word_1_34' title='bbox 521 750 767 819; x_wconf 77' lang='lat' dir='ltr'>t&#39;Laeedaemors&#39;ii‚</span> <span class='ocrx_word' id='word_1_35' title='bbox 781 746 945 826; x_wconf 79' lang='lat' dir='ltr'>Pausippus</span> 
     </span>
     <span class='ocr_line' id='line_1_8' title="bbox 262 828 943 901; baseline -0.019 -2"><span class='ocrx_word' id='word_1_36' title='bbox 262 858 293 899; x_wconf 88' lang='lat' dir='ltr'>et</span> <span class='ocrx_word' id='word_1_37' title='bbox 304 834 563 901; x_wconf 85' lang='lat' dir='ltr'>Onomastorides,</span> <span class='ocrx_word' id='word_1_38' title='bbox 576 853 643 894; x_wconf 85' lang='lat' dir='ltr'>cum</span> <span class='ocrx_word' id='word_1_39' title='bbox 658 830 792 889; x_wconf 87' lang='lat' dir='ltr'>Monimo</span> <span class='ocrx_word' id='word_1_40' title='bbox 804 845 836 888; x_wconf 90' lang='lat' dir='ltr'>et</span> <span class='ocrx_word' id='word_1_41' title='bbox 848 828 943 888; x_wconf 83' lang='lat' dir='ltr'>Calli-</span> 
     </span>
     <span class='ocr_line' id='line_1_9' title="bbox 262 907 944 997; baseline -0.018 -19"><span class='ocrx_word' id='word_1_42' title='bbox 262 917 391 997; x_wconf 69' lang='lat' dir='ltr'>cratide,</span> <span class='ocrx_word' id='word_1_43' title='bbox 407 915 428 974; x_wconf 89' lang='lat' dir='ltr'>ii</span> <span class='ocrx_word' id='word_1_44' title='bbox 446 932 560 993; x_wconf 88' lang='lat' dir='ltr'>quoque</span> <span class='ocrx_word' id='word_1_45' title='bbox 579 910 659 972; x_wconf 91' lang='lat' dir='ltr'>domi</span> <span class='ocrx_word' id='word_1_46' title='bbox 675 908 802 969; x_wconf 54' lang='lat' dir='ltr'>nobiles«</span> <span class='ocrx_word' id='word_1_47' title='bbox 819 907 944 989; x_wconf 74' lang='lat' dir='ltr'>Summa</span> 
     </span>
     <span class='ocr_line' id='line_1_10' title="bbox 263 986 941 1075; baseline -0.015 -18"><span class='ocrx_word' id='word_1_48' title='bbox 263 996 390 1075; x_wconf 77' lang='lat' dir='ltr'>pecunia</span> <span class='ocrx_word' id='word_1_49' title='bbox 401 995 517 1073; x_wconf 62' lang='lat' dir='ltr'>signata*</span> <span class='ocrx_word' id='word_1_50' title='bbox 527 992 580 1052; x_wconf 88' lang='lat' dir='ltr'>fuir</span> <span class='ocrx_word' id='word_1_51' title='bbox 592 992 765 1051; x_wconf 71' lang='lat' dir='ltr'>talentorum</span> <span class='ocrx_word' id='word_1_52' title='bbox 775 986 840 1046; x_wconf 88' lang='lat' dir='ltr'>duo</span> <span class='ocrx_word' id='word_1_53' title='bbox 849 986 941 1047; x_wconf 83' lang='lat' dir='ltr'>millia</span> 
     </span>
     <span class='ocr_line' id='line_1_11' title="bbox 263 1065 942 1152; baseline -0.019 -14"><span class='ocrx_word' id='word_1_54' title='bbox 263 1094 294 1138; x_wconf 85' lang='lat' dir='ltr'>et</span> <span class='ocrx_word' id='word_1_55' title='bbox 303 1071 541 1152; x_wconf 73' lang='lat' dir='ltr'>serr-agin123facti</span> <span class='ocrx_word' id='word_1_56' title='bbox 549 1066 772 1152; x_wconf 85' lang='lat' dir='ltr'>argentipondus</span> <span class='ocrx_word' id='word_1_57' title='bbox 782 1065 942 1146; x_wconf 80' lang='lat' dir='ltr'>quingenta</span> 
     </span>
     <span class='ocr_line' id='line_1_12' title="bbox 264 1143 940 1231; baseline -0.013 -16"><span class='ocrx_word' id='word_1_58' title='bbox 264 1157 407 1231; x_wconf 55' lang='lat' dir='ltr'>aequabat)</span> <span class='ocrx_word' id='word_1_59' title='bbox 427 1151 567 1212; x_wconf 82' lang='lat' dir='ltr'>Praeterea</span> <span class='ocrx_word' id='word_1_60' title='bbox 584 1147 700 1228; x_wconf 79' lang='lat' dir='ltr'>triginta</span> <span class='ocrx_word' id='word_1_61' title='bbox 722 1145 816 1205; x_wconf 86' lang='lat' dir='ltr'>millia</span> <span class='ocrx_word' id='word_1_62' title='bbox 841 1143 940 1206; x_wconf 82' lang='lat' dir='ltr'>homi-</span> 
     </span>
     <span class='ocr_line' id='line_1_13' title="bbox 263 1225 941 1310; baseline -0.016 -16"><span class='ocrx_word' id='word_1_63' title='bbox 263 1254 358 1301; x_wconf 83' lang='lat' dir='ltr'>num,</span> <span class='ocrx_word' id='word_1_64' title='bbox 380 1253 447 1295; x_wconf 87' lang='lat' dir='ltr'>cum</span> <span class='ocrx_word' id='word_1_65' title='bbox 460 1248 568 1310; x_wconf 85' lang='lat' dir='ltr'>septem</span> <span class='ocrx_word' id='word_1_66' title='bbox 578 1229 704 1289; x_wconf 83' lang='lat' dir='ltr'>millibus</span> <span class='ocrx_word' id='word_1_67' title='bbox 718 1225 941 1303; x_wconf 80' lang='lat' dir='ltr'>jumentorum,</span> 
     </span>
     <span class='ocr_line' id='line_1_14' title="bbox 263 1302 941 1388; baseline -0.016 -16"><span class='ocrx_word' id='word_1_68' title='bbox 263 1313 355 1372; x_wconf 89' lang='lat' dir='ltr'>dorso·</span> <span class='ocrx_word' id='word_1_69' title='bbox 364 1329 452 1372; x_wconf 85' lang='lat' dir='ltr'>onera</span> <span class='ocrx_word' id='word_1_70' title='bbox 469 1309 669 1388; x_wconf 80' lang='lat' dir='ltr'>portantium,</span> <span class='ocrx_word' id='word_1_71' title='bbox 687 1321 769 1381; x_wconf 84' lang='lat' dir='ltr'>capta</span> <span class='ocrx_word' id='word_1_72' title='bbox 786 1322 869 1366; x_wconf 85' lang='lat' dir='ltr'>sunt.</span> <span class='ocrx_word' id='word_1_73' title='bbox 883 1302 941 1363; x_wconf 83' lang='lat' dir='ltr'>Ce-</span> 
     </span>
     <span class='ocr_line' id='line_1_15' title="bbox 262 1382 940 1461; baseline -0.015 -10"><span class='ocrx_word' id='word_1_74' title='bbox 262 1409 378 1461; x_wconf 84' lang='lat' dir='ltr'>terum,</span> <span class='ocrx_word' id='word_1_75' title='bbox 401 1390 454 1450; x_wconf 87' lang='lat' dir='ltr'>Dii</span> <span class='ocrx_word' id='word_1_76' title='bbox 469 1408 552 1450; x_wconf 85' lang='lat' dir='ltr'>tantae</span> <span class='ocrx_word' id='word_1_77' title='bbox 563 1389 686 1448; x_wconf 74' lang='lat' dir='ltr'>fortunae</span> <span class='ocrx_word' id='word_1_78' title='bbox 699 1382 882 1461; x_wconf 84' lang='lat' dir='ltr'>proditorem</span> <span class='ocrx_word' id='word_1_79' title='bbox 899 1401 940 1442; x_wconf 90' lang='lat' dir='ltr'>se·</span> 
     </span>
     <span class='ocr_line' id='line_1_16' title="bbox 261 1461 941 1549; baseline -0.015 -18"><span class='ocrx_word' id='word_1_80' title='bbox 261 1471 382 1549; x_wconf 82' lang='lat' dir='ltr'>pulturae</span> <span class='ocrx_word' id='word_1_81' title='bbox 408 1469 538 1530; x_wconf 84' lang='lat' dir='ltr'>celeriter</span> <span class='ocrx_word' id='word_1_82' title='bbox 565 1465 661 1528; x_wconf 87' lang='lat' dir='ltr'>debita</span> <span class='ocrx_word' id='word_1_83' title='bbox 686 1483 770 1542; x_wconf 87' lang='lat' dir='ltr'>poena</span> <span class='ocrx_word' id='word_1_84' title='bbox 798 1461 941 1539; x_wconf 88' lang='lat' dir='ltr'>persecuti</span> 
     </span>
     <span class='ocr_line' id='line_1_17' title="bbox 265 1541 940 1627; baseline -0.013 -17"><span class='ocrx_word' id='word_1_85' title='bbox 265 1570 342 1612; x_wconf 81' lang='lat' dir='ltr'>sunt.</span> <span class='ocrx_word' id='word_1_86' title='bbox 351 1549 485 1627; x_wconf 89' lang='lat' dir='ltr'>Namque</span> <span class='ocrx_word' id='word_1_87' title='bbox 496 1569 567 1609; x_wconf 91' lang='lat' dir='ltr'>unus</span> <span class='ocrx_word' id='word_1_88' title='bbox 579 1567 595 1606; x_wconf 97' lang='lat' dir='ltr'>e</span> <span class='ocrx_word' id='word_1_89' title='bbox 606 1543 727 1607; x_wconf 81' lang='lat' dir='ltr'>consciis</span> <span class='ocrx_word' id='word_1_90' title='bbox 737 1542 814 1621; x_wconf 88' lang='lat' dir='ltr'>ejus,</span> <span class='ocrx_word' id='word_1_91' title='bbox 830 1541 940 1609; x_wconf 83' lang='lat' dir='ltr'>credo,</span> 
     </span>
     <span class='ocr_line' id='line_1_18' title="bbox 260 1621 941 1710; baseline -0.015 -20"><span class='ocrx_word' id='word_1_92' title='bbox 260 1631 338 1710; x_wconf 78' lang='lat' dir='ltr'>-re&#39;gis</span> <span class='ocrx_word' id='word_1_93' title='bbox 347 1628 464 1697; x_wconf 84' lang='lat' dir='ltr'>vicem,</span> <span class='ocrx_word' id='word_1_94' title='bbox 487 1628 574 1689; x_wconf 86' lang='lat' dir='ltr'>etiam</span> <span class='ocrx_word' id='word_1_95' title='bbox 584 1625 678 1689; x_wconf 74' lang='lat' dir='ltr'>inilia</span> <span class='ocrx_word' id='word_1_96' title='bbox 690 1638 765 1701; x_wconf 81' lang='lat' dir='ltr'>sorte</span> <span class='ocrx_word' id='word_1_97' title='bbox 779 1621 941 1690; x_wconf 83' lang='lat' dir='ltr'>reveritus,</span> 
     </span>
     <span class='ocr_line' id='line_1_19' title="bbox 213 1699 940 1784; baseline -0.018 -13"><span class='ocrx_word' id='word_1_98' title='bbox 213 1766 215 1771; x_wconf 83' lang='lat'><em>.</em></span> <span class='ocrx_word' id='word_1_99' title='bbox 263 1707 404 1769; x_wconf 85' lang='lat' dir='ltr'>interfecti</span> <span class='ocrx_word' id='word_1_100' title='bbox 415 1706 565 1784; x_wconf 84' lang='lat' dir='ltr'>proditoris</span> <span class='ocrx_word' id='word_1_101' title='bbox 577 1702 707 1782; x_wconf 83' lang='lat' dir='ltr'>eaputad</span> <span class='ocrx_word' id='word_1_102' title='bbox 717 1700 847 1760; x_wconf 85' lang='lat' dir='ltr'>Darium</span> <span class='ocrx_word' id='word_1_103' title='bbox 858 1699 940 1769; x_wconf 79' lang='lat' dir='ltr'>tulit,</span> 
     </span>
     <span class='ocr_line' id='line_1_20' title="bbox 266 1778 939 1866; baseline -0.013 -18"><span class='ocrx_word' id='word_1_104' title='bbox 266 1806 461 1866; x_wconf 89' lang='lat' dir='ltr'>opportunum</span> <span class='ocrx_word' id='word_1_105' title='bbox 477 1785 611 1847; x_wconf 87' lang='lat' dir='ltr'>solatium</span> <span class='ocrx_word' id='word_1_106' title='bbox 629 1781 743 1863; x_wconf 92' lang='lat' dir='ltr'>prodito</span> <span class='ocrx_word' id='word_1_107' title='bbox 760 1804 771 1840; x_wconf 72' lang='grc' dir='ltr'>ι</span> <span class='ocrx_word' id='word_1_108' title='bbox 788 1778 898 1858; x_wconf 82' lang='lat' dir='ltr'>quippe</span> <span class='ocrx_word' id='word_1_109' title='bbox 913 1794 939 1839; x_wconf 80' lang='lat' dir='ltr'>et</span> 
     </span>
     <span class='ocr_line' id='line_1_21' title="bbox 260 1857 937 1938; baseline -0.018 -9"><span class='ocrx_word' id='word_1_110' title='bbox 260 1870 340 1929; x_wconf 84' lang='lat' dir='ltr'>ultus</span> <span class='ocrx_word' id='word_1_111' title='bbox 356 1868 506 1928; x_wconf 76' lang='lat' dir='ltr'>inimicum</span> <span class='ocrx_word' id='word_1_112' title='bbox 525 1881 606 1938; x_wconf 59' lang='lat' dir='ltr'>erate</span> <span class='ocrx_word' id='word_1_113' title='bbox 627 1880 657 1923; x_wconf 94' lang='lat' dir='ltr'>et</span> <span class='ocrx_word' id='word_1_114' title='bbox 673 1859 804 1921; x_wconf 90' lang='lat' dir='ltr'>nondum</span> <span class='ocrx_word' id='word_1_115' title='bbox 820 1857 857 1918; x_wconf 90' lang='lat' dir='ltr'>in</span> <span class='ocrx_word' id='word_1_116' title='bbox 876 1879 937 1920; x_wconf 89' lang='lat' dir='ltr'>om-</span> 
     </span>
     <span class='ocr_line' id='line_1_22' title="bbox 263 1938 938 2020; baseline -0.009 -15"><span class='ocrx_word' id='word_1_117' title='bbox 263 1947 348 2006; x_wconf 85' lang='lat' dir='ltr'>nium</span> <span class='ocrx_word' id='word_1_118' title='bbox 371 1945 475 2008; x_wconf 88' lang='lat' dir='ltr'>animis</span> <span class='ocrx_word' id='word_1_119' title='bbox 503 1945 678 2005; x_wconf 85' lang='lat' dir='ltr'>memoriam</span> <span class='ocrx_word' id='word_1_120' title='bbox 701 1938 861 2020; x_wconf 68' lang='lat' dir='ltr'>majestatis</span> <span class='ocrx_word' id='word_1_121' title='bbox 888 1956 938 2000; x_wconf 75' lang='lat' dir='ltr'>sure</span> 
     </span>
     <span class='ocr_line' id='line_1_23' title="bbox 262 2024 586 2109; baseline 0 -24"><span class='ocrx_word' id='word_1_122' title='bbox 262 2024 423 2088; x_wconf 80' lang='lat' dir='ltr'>exolevisse</span> <span class='ocrx_word' id='word_1_123' title='bbox 439 2025 586 2109; x_wconf 51' lang='lat' dir='ltr'>cernebat,</span> 
     </span>
    </p>
   </div>
   <div class='ocr_carea' id='block_1_3' title="bbox 0 0 986 3632">
    <p class='ocr_par' dir='ltr' id='par_1_3' title="bbox 0 0 986 3632">
     <span class='ocr_line' id='line_1_24' title="bbox 0 0 986 3632; baseline 0 0"><span class='ocrx_word' id='word_1_124' title='bbox 0 0 986 3632; x_wconf 95' lang='lat' dir='ltr'> </span> 
     </span>
    </p>
   </div>
  </div>
 </body>
</html>
