1936 3644
219 294 284 358 roa
384 278 445 360 .Q.
484 275 737 343 CURTIl

222 385 298 446 edito
315 381 412 465 fugere
431 382 522 445 acrius
540 380 649 460 coepit:
665 372 897 458 sedelephantrt

221 481 358 541 quoque,
380 464 430 541 qui
448 463 538 524 multa
556 479 705 539 exceperat
721 461 804 529 tela,
825 459 895 520 defi·

221 543 324 604 ciebat.
336 544 436 620 ltaque
446 543 516 602 sistit
527 541 645 624 fugam,
659 539 841 619 peditemque
853 559 895 599 se*

124 652 129 661 ·
220 623 317 698 quenti
337 620 412 683 hosti
430 621 547 701 objecit.
567 621 633 689 Jam
646 620 813 680 Alexander
825 639 894 680 con·

219 720 431 771 tecururerat,
451 717 480 761 et
496 700 652 778 pertinacia
669 696 738 759 Pori
757 701 895 780 cognita,

220 785 336 845 vetabat
345 779 541 842 resistentibus
545 779 636 862 porri.
645 779 723 860 Ergo
734 781 859 857 undique
869 793 896 838 et

222 862 252 923 in
262 862 386 940 pedites,
397 878 426 922 et
435 858 465 920 in
475 861 567 937 ipsum
575 860 683 919 Porum
692 861 750 920 tela
759 875 895 940 congesta

220 940 536 1019 sunttquibustandenr
565 954 677 1000 ravatus
687 937 745 999 labi
755 959 792 998 ex
802 939 895 999 bellua

222 1022 321 1099 coepit.
333 1021 416 1082 Indus
428 1021 476 1098 qui
487 960 670 1097 elepduanrum
682 1021 801 1100 regebat
813 1057 823 1087 ,
835 1018 895 1077 des⁴

222 1101 343 1161 condere
353 1121 421 1161 eum
438 1118 534 1169 ratus,
557 1118 640 1159 more
650 1098 739 1158 solito
758 1096 894 1176 elephon·

222 1197 284 1241 tum
298 1177 475 1258 procumbere
492 1180 569 1256 jussit
581 1177 611 1238 in
619 1197 738 1258 genua;
757 1180 806 1254 qui
821 1194 852 1238 ut
867 1192 896 1236 se

222 1259 351 1320 submisit
363 1299 373 1328 ‚
393 1261 479 1320 ceteri
489 1279 622 1336 quoqne,
637 1258 676 1318 ita
688 1259 767 1318 enim
779 1253 895 1318 instituti
952 1320 953 1337 ἶ

222 1354 319 1407 emur,
335 1334 472 1401 demisere
488 1359 609 1418 corpora
620 1338 784 1399 interram.
797 1338 839 1398 Ea
854 1354 896 1395 ret

160 1444 162 1448 ·
223 1433 252 1478 et
270 1418 398 1488 Porum,
421 1436 450 1483 et
469 1437 578 1480 ceteros
589 1418 755 1480 ⁴victoribus
773 1417 895 1478 tradidit.

222 1497 288 1558 Rex
300 1496 415 1578 spoliari
428 1518 525 1579 corpus
536 1495 622 1568 Pori,
640 1498 827 1558 interemtum
838 1514 894 1557 erse
952 1476 953 1549 d

182 1624 184 1627 .
221 1577 473 1655 credensyjussit,
487 1597 515 1638 et
527 1579 575 1655 qui
586 1577 766 1638 detraherent
776 1578 895 1638 loritnm
952 1598 953 1639 1

221 1673 411 1733 vestemque,
433 1658 624 1730 concurrdre3
645 1678 713 1718 cum
731 1659 827 1718 bellua
844 1657 896 1716 do⁴
952 1664 953 1731 i

135 1774 139 1782 ·
221 1734 336 1796 minum
348 1737 437 1805 tueri,
450 1754 479 1797 et
488 1738 639 1815 spoliantes
650 1737 737 1815 coepit
748 1754 894 1815 appetere,

218 1814 406 1892 'levatumque
425 1832 527 1895 corpus
545 1817 605 1895 ejus
622 1836 715 1878 rursus
741 1818 826 1877 dorso
844 1834 894 1875 sno

221 1894 383 1969 imponere.
403 1894 481 1975 Ergo
506 1896 569 1956 reiis
594 1896 718 1974 undique
748 1896 892 1960 obruitur,

219 1973 412 2048 confossoque
428 1994 464 2033 eo
479 1975 509 2034 in
520 1973 685 2037 vehiculum
695 1976 787 2038 Porus
799 1975 889 2049 impo-

220 2051 309 2113 nitur.
323 2050 418 2128 Quem
426 2073 476 2112 rex
483 2071 515 2115 ut
521 2055 893 2123 viditallevantemotu1053

219 2149 282 2192 non
307 2132 397 2201 odio,
422 2134 468 2192 sed
498 2135 679 2195 miseratione
708 2152 895 2200 commotus»

219 2231 282 2290 quae
299 2209 418 2280 malum,
435 2212 548 2291 inquit,
568 2214 690 2275 amentia
703 2231 730 2275 te
745 2214 837 2295 coegit
850 2231 898 2274 rt·
952 2210 953 2223 ¹

219 2305 280 2351 rum
296 2308 415 2380 meorum
431 2292 544 2432 copnira
551 2289 655 2369 famo,
675 2293 743 2354 belli
754 2293 899 2370 fortunent
952 2332 953 2337 κ

220 2386 342 2458 euperm
355 2387 369 2440 ;
382 2390 442 2431 cum
463 2412 464 2415 =
482 2368 575 2434 exiles
587 2392 661 2435 esset
674 2373 705 2433 in
717 2373 829 2435 deditos
840 2371 898 2433 cle·

219 2464 332 2510 menna
340 2468 408 2510 meae
416 2453 651 2534 tampropinpuum
660 2452 711 2514 tibi
719 2450 903 2534 exemplum?

218 2528 261 2590 At
281 2529 355 2597 ille,
382 2529 531 2607 quoniam,
554 2534 666 2610 inquit,
684 2532 870 2614 percontaris
887 2548 907 2601 ‚¹

218 2605 385 2700 respondebo
395 2629 429 2669 ea
438 2608 590 2683 libertate,
606 2610 685 2691 quar'n
698 2609 901 2693 interrogando

213 2683 327 2764 fecisti.
343 2685 494 2754 Neminem
509 2711 552 2754 me
558 2690 709 2772 fortiorem
719 2712 783 2755 esst
798 2707 903 2758 centes
