1968 3636
244 280 472 372 'LIBER
511 307 563 375 Χ,
693 318 753 389 '551‘

85 412 91 421 l

86 422 151 555 ges
169 421 232 477 est,
253 406 476 489 crassamque,
498 407 594 489 eligite
609 406 759 490 potiorem)

120 489 206 548 bortis
222 489 322 549 deinde
342 488 474 566 lacrymis
490 488 620 551 diadema
637 489 758 551 detrahit

10 596 11 627 3
83 567 191 643 capiri3
209 567 356 639 dextram,
375 569 472 647 quaid
488 572 620 637 tenebat,
639 589 758 647 proten-

10 674 11 707 :
81 644 174 714 dens,
190 663 223 707 at
237 646 263 706 si
278 645 339 726 quis
351 668 382 709 se
394 646 548 726 digniorem
556 646 757 727 ‚penitentum

10 756 11 775 i
85 725 235 806 acciperes.
249 726 398 807 Ingentem
409 747 488 804 spem
497 728 600 788 indolis
609 733 754 805 anteeum

85 803 161 864 diem
177 805 268 866 fratris
283 807 410 868 claritate
427 827 623 885 suppressam,
640 829 673 867 ea
688 830 756 868 rno-

82 881 177 944 derata
194 886 329 967 excitarit
345 886 449 948 oratio.
468 888 566 962 ltaque
582 887 676 947 cuncti
694 888 757 946 ins·

81 978 142 1022 tare
160 982 326 1041 caeperunt,
346 984 375 1026 us
392 985 450 1045 quse
468 964 634 1045 agitasset,
656 963 757 1045 exequi

81 1040 176 1106 vellet.
194 1043 318 1105 Eosdem
337 1066 429 1106 rursus
445 1046 523 1127 legat
540 1045 702 1124 petituros,
724 1060 755 1104 rat

81 1118 756 1205 Meleagrameertiumducemacciperenc.Haud

79 1221 153 1340 {fre
165 1202 193 1261 id
210 1204 393 1280 impetratum
406 1221 457 1266 est.
477 1204 555 1263 Nam
566 1221 602 1264 et
617 1204 759 1264 abducere
822 1259 823 1263 ,

113 1282 262 1362 eleagrum
281 1282 414 1344 Perdicca
432 1305 449 1343 a
468 1302 533 1362 rege
549 1283 702 1361 cupiebat3
725 1298 755 1342 er

58 1427 60 1430 y
78 1378 170 1420 unum
181 1362 290 1422 duobus
300 1363 439 1438 imparem
448 1361 573 1422 fusurum
586 1382 644 1423 esse
656 1381 755 1424 cense-

79 1439 140 1501 bat.
152 1440 243 1520 igitur
250 1441 475 1522 Meleagro'cum
484 1440 624 1522 phalange
636 1441 754 1502 obviam
829 1470 833 1480 ·

80 1535 194 1598 egresso
206 1559 216 1588 ‚
233 1519 368 1579 Perdicca
380 1520 507 1597 equiturn
518 1538 623 1580 turmas
634 1537 753 1582 antece·

16 1631 17 1634 =
78 1596 148 1658 dens
160 1599 295 1660 occurrit.
310 1596 474 1676 Unumque
485 1620 587 1681 agmen
596 1617 696 1661 mutua
708 1620 754 1659 sav

77 1675 219 1738 locatione
229 1678 303 1739 fasta
316 1679 374 1738 cois
387 1700 397 1752 3
417 1679 446 1738 in
457 1696 647 1756 perpetuum,
665 1696 696 1740 ut
707 1698 755 1740 ar·

77 1754 273 1825 bitrabantuffi
292 1758 446 1818 concordia
456 1773 564 1836 espace
578 1757 701 1821 firmata.

115 1836 195 1898 Car.
215 1835 272 1898 IX.
292 1835 347 1896 Sed
367 1837 424 1914 jam
444 1835 757 1899 fatis-admovebantur

75 1912 271 1976 Macedonum
291 1916 370 1994 genti
393 1916 468 1975 bella
491 1915 596 1977 civilia.
618 1915 697 1976 Nam
721 1933 754 1979 et¹

73 1991 243 2055 insociabile
260 2010 301 2054 est
316 2014 436 2075 regnum
450 2017 459 2067 3
477 2010 505 2056 et
523 2017 538 2054 a
555 1995 680 2072 pluribus
697 2015 750 2056 ex-

72 2077 235 2150 petebatur·
254 2071 382 2135 Primum
399 2095 469 2154 ergo
487 2075 630 2154 collegere
647 2076 722 2136 vires
738 2095 753 2149 ς

73 2151 177 2214 deinde
194 2151 403 2230 disperserunt:
420 2174 449 2213 et
466 2154 669 2231 cumpluribus
682 2174 751 2213 cor·

73 2251 147 2309 pus,
169 2253 254 2310 quam
275 2234 424 2309 capiebas,
446 2249 633 2299 onerassent,
655 2234 771 2295 cetera'

71 2315 204 2372 membra
221 2311 342 2373 deficere
359 2328 527 2389 coeperunt:
544 2311 675 2389 quodque
690 2311 751 2371 im÷

69 2393 184 2467 perium
209 2393 259 2450 sub
279 2412 339 2451 uno
358 2411 430 2453 stare
456 2390 590 2469 potuisset
606 2432 618 2458 ,
635 2389 703 2450 dum
731 2411 751 2452 a

70 2470 203 2546 pluribus
211 2471 359 2530 sustinetur
371 2511 380 2540 ,
398 2471 465 2532 ruit·
475 2470 596 2531 Proinde
608 2469 669 2546 jure
682 2488 750 2530 me·

69 2549 185 2625 titoque
196 2551 318 2626 populus
331 2551 479 2610 Romanus
492 2548 610 2610 salutem
628 2568 659 2607 se
669 2545 753 2628 prin·

69 2627 126 2708 cipi
139 2647 189 2687 suo
201 2626 297 2687 debere
308 2630 474 2707 profitetur,
484 2631 529 2691 cui
541 2628 633 2689 noctis
642 2667 652 2696 ‚
661 2642 752 2718 qaam

55 2724 142 2789 *pene
162 2727 324 2788 supremam
343 2707 517 2781 habuimus,
539 2728 650 2775 novum
673 2702 753 2770 siaa
