2002 3636
170 266 215 316 tn
254 264 292 328 o.
329 262 539 315 connum
570 264 599 319 1„
633 266 657 319 1.
728 280 764 342 ²⁷.

86 368 135 403 mm
151 350 249 418 legati,
268 349 370 416 prolixe
386 352 562 402 commendato
578 353 643 422 segis
659 355 764 420 anieno,¹

87 419 225 485 petiverunt
241 453 250 477 ‚
273 435 303 471 ut
320 417 398 485 ipsum
409 422 492 486 potius
506 419 607 474 Graen'oe
618 425 737 478 vindicent
749 460 759 486 .

87 505 150 555 quam
160 488 351 556 perturbatores
364 491 413 549 ejus
426 486 585 541 Athenienses
597 506 761 557 sequerentur·

117 557 185 606 CAP.
197 558 260 603 vll.
275 553 317 602 At
330 553 512 603 Demosthenes
523 557 587 606 facta
599 556 699 613 dicendi
713 575 760 624 po.

86 635 188 681 testate,
207 623 270 672 Nan
286 619 446 688 ignorabam,
467 620 564 685 inquis.
580 624 640 676 istos
654 626 762 696 Philippi

88 691 246 742 mercenarios
257 703 329 752 neque
337 686 450 738 laudibus
459 691 484 738 in
494 692 586 756 ipsum,
602 709 672 759 neque
682 695 708 744 in
716 710 762 746 nos

86 759 259 810 conviciisesse
269 768 454 820 temperaturos.
464 756 531 807 Nom
540 759 580 823 qui
583 761 695 826 pudorem
703 777 762 812 etn-

88 839 248 879 sumserunt,
273 820 333 888 quid
349 824 481 887 loquantur
503 838 546 874 aut
556 825 656 887 faciant
673 843 763 894 perum

86 894 149 959 pensi
161 890 270 945 liabent,
285 890 343 938 dum
352 890 440 956 cupitis
451 891 590 956 potiantur·
605 892 650 943 Sed
662 893 702 945 illi
711 894 764 960 qui·

88 959 157 1016 dem,
172 959 196 1009 si
205 958 263 1010 bene
274 972 319 1006 vot
332 959 409 1014 novi,
426 952 533 1009 Tuitus·
541 991 548 1015 ,
562 974 600 1026 spe
613 975 658 1010 sua
670 961 765 1027 egregie

85 1027 168 1090 salsi,
183 1027 286 1093 dignum
295 1024 390 1074 virtute
399 1039 502 1082 vestra,
520 1025 705 1093 Graecorumque
714 1044 766 1079 mo·

92 1092 158 1143 ribus
171 1105 312 1158 responsum
325 1091 357 1141 ad
365 1091 518 1143 Macedonem
531 1094 633 1157 reserent
643 1114 653 1142 .-
662 1109 707 1145 vos
720 1111 765 1146 au·

93 1175 138 1211 tem
152 1160 185 1209 ad
198 1176 228 1212 ea
241 1174 293 1224 qua
307 1173 372 1223 aune
387 1161 479 1225 agenda
493 1175 564 1216 sunt,
579 1161 687 1212 animum
702 1162 765 1213 dili·

90 1242 175 1297 genter
183 1226 317 1278 advertite.
332 1225 402 1276 Nam
413 1241 549 1277 vestrorum
558 1244 644 1293 quoque
652 1230 764 1297 negotio·

93 1311 145 1345 rum
168 1307 290 1346 summam
304 1307 369 1343 nunc
383 1294 425 1360 agi
439 1293 496 1359 ipsis
517 1311 598 1347 rerum
612 1296 764 1365 argumentis

93 1363 243 1414 ostendemus
252 1395 260 1417 ,
269 1375 318 1409 non
329 1360 458 1410 verborum
465 1362 617 1428 prestigiis,
626 1363 711 1428 quibus
720 1362 765 1414 isti

93 1431 174 1479 uereri
187 1427 310 1481 sedicunt
324 1442 352 1477 ne
366 1426 504 1494 capiamini.
518 1429 562 1479 Sed
572 1430 665 1495 quando
674 1430 710 1481 sie
718 1445 766 1498 pra

93 1495 163 1548 vobis
178 1511 238 1546 sunt
253 1494 374 1550 solliciti,
387 1507 479 1559 ponant
495 1509 599 1553 metum,
614 1496 675 1546 nihil
686 1496 767 1560 facie·

94 1579 165 1620 mus,
179 1579 225 1629 qao
233 1561 404 1626 eloquentiores
412 1563 546 1612 videamur·
557 1563 653 1615 Malam
661 1564 767 1628 quando·

95 1648 137 1696 que
150 1644 254 1680 eausam
264 1627 358 1691 adjuvit
366 1628 487 1690 facundia
496 1648 504 1677 .·
513 1626 554 1681 sebi
568 1627 657 1680 nudant
672 1629 768 1680 verita·

98 1713 145 1748 tem
162 1694 269 1765 spectari
283 1695 385 1745 dicentis
398 1696 497 1747 interest
514 1729 522 1753 ,
541 1696 616 1748 uerba
626 1711 693 1747 nemo
704 1713 769 1763 pru-

97 1766 153 1816 dens
169 1762 293 1830 appendit·
314 1761 366 1811 Nec
382 1763 409 1811 de
425 1763 535 1828 Philippo
553 1762 690 1813 laboramus
704 1781 715 1825 ,·
734 1765 770 1814 tit

97 1848 152 1884 sane
162 1848 207 1898 per
215 1846 278 1886 nos,
292 1829 384 1893 qualem·
393 1829 436 1878 isti
438 1830 541 1896 fingant
556 1849 564 1876 .·
579 1830 613 1879 sit
628 1828 701 1880 etiam
710 1831 771 1896 pul·

96 1900 169 1957 cler,
184 1899 313 1963 eloquens,
331 1909 399 1960 atque
412 1895 470 1946 adeo
479 1899 505 1946 in
518 1894 639 1946 conviviis
645 1896 719 1947 etiarn
729 1897 770 1948 nr·-

96 1967 171 2018 saris.
185 1964 255 2015 Nam
270 1977 293 2013 et
307 1962 362 2013 hine
374 1977 427 2012 eum
441 1965 633 2016 commendavere
648 1963 744 2028 quidam
757 1980 769 2026 ‚·

98 2033 156 2085 adeo
164 2033 262 2082 inanem
269 2044 335 2079 vera
338 2029 429 2097 gloria
433 2029 588 2093 fatebantur.
605 2031 717 2081 Ceterum
730 2033 767 2082 le-

97 2114 171 2167 gatos
182 2104 235 2164 tJ'us
249 2097 327 2146 miror
344 2111 371 2146 ea
384 2096 484 2146 civitati
499 2111 590 2149 nostrae
602 2112 684 2146 corant
701 2096 772 2148 uobis

101 2167 225 2230 sistente,
242 2180 294 2231 qun
306 2163 327 2212 si
342 2163 446 2212 erimina
459 2177 532 2220 sunt,
548 2179 595 2214 non
608 2160 772 2240 magisAtist·

98 2232 236 2289 aiensibus,
250 2246 322 2297 quam
329 2228 446 2281 naonis
453 2229 596 2294 defendenda
602 2245 666 2287 esse,
680 2244 772 2281 tneon-
844 2281 846 2287 ,

94 2302 163 2366 sessa
177 2314 222 2352 est.
240 2297 369 2365 Popularis
381 2297 444 2347 enim
456 2312 537 2347 status
550 2297 699 2351 incommoda
713 2312 772 2349 esta·

98 2369 182 2436 girant
200 2387 209 2415 .·
228 2382 280 2431 qua
296 2366 353 2415 litet
361 2379 409 2414 non
419 2364 554 2431 ignoremus
563 2364 673 2427 utrique,
690 2378 770 2416 tamen

100 2436 166 2504 regio
179 2432 315 2487 dominatui
327 2431 416 2480 merito
426 2431 587 2498 praferimus·
596 2430 674 2495 Atqui
683 2431 722 2482 illi
734 2432 771 2482 sie

100 2504 176 2554 locuti
193 2516 277 2557 sunt,
304 2512 427 2564 tamquam
446 2497 471 2547 in
485 2498 584 2549 circulis
606 2511 630 2548 et
648 2499 772 2550 conviviis

100 2569 261 2621 Macedonum
274 2566 416 2618 adulatione
433 2566 543 2633 gratiam
557 2576 705 2631 quererent3
723 2579 772 2614 non

101 2635 164 2704 apud
177 2635 278 2688 liberam
294 2633 424 2684 civitatem
441 2632 515 2695 officio
531 2634 666 2701 legatorum
680 2630 772 2697 funge-

106 2718 199 2764 emtur-
214 2704 309 2758 Scimus
323 2699 419 2771 quidem
431 2715 515 2771 regum
524 2700 691 2815 regiorgnssue
704 2711 773 2759 ωας

647 2775 665 2824 ¹1
