1994 3632
275 282 332 345 18⁴8
403 358 407 363 ,
451 275 494 358 Q
535 278 775 344 CURTII
826 354 850 366 ,Δ

272 379 345 450 dem,
365 376 384 440 e
394 400 444 460 quo
453 401 544 461 genus
555 381 613 463 ipse
626 380 771 442 deduceret
784 421 793 450 ‚
807 378 952 442 imitatum

272 480 303 518 ,re
320 479 382 519 esse
393 481 473 541 prena
490 461 520 520 in
532 458 636 520 bostem
652 459 795 541 capienda.
809 461 950 522 Cecidere

270 537 419 600 Persarum
432 539 615 616 Arabumque
629 541 703 600 circa
715 540 816 600 decem
827 539 920 599 millia
934 563 945 599 r

267 638 324 679 nec
342 619 548 680 Macedonibus
568 620 713 680 incruenta
734 619 857 680 victoria
877 619 941 679 fuit.

270 696 392 759 Obsidio
402 715 477 758 certe
489 715 617 758 nontam
629 699 754 758 claritate
766 699 843 758 urbis
855 698 941 757 nobi-

269 776 350 837 litata
368 795 430 846 est,
451 798 535 854 quam
551 778 697 859 geminato
720 777 848 854 periculo
870 777 951 857 regie

267 858 316 932 qui
334 855 488 938 AEgyptum
503 854 578 916 adire
594 856 724 917 festinans
740 894 751 924 ‚
778 857 937 932 Amyntam

269 956 338 995 eum
354 937 452 997 decem
466 934 623 995 triremibus
639 938 670 994 itt
684 935 886 997 Macedoniam
903 934 937 994 ad

266 1014 480 1092 inquisitionem
512 1035 658 1077 novorum*
688 1016 812 1073 militum
847 1014 934 1077 misit.

266 1090 402 1170 Namque
419 1092 522 1170 praeliis
534 1094 620 1153 etiam
632 1094 756 1155 secundis
773 1095 935 1152 attereban-

266 1189 313 1230 tur
330 1173 418 1249 copiae
433 1196 446 1245 3·
462 1171 689 1248 devictarumque
706 1172 835 1254 gentium
851 1170 937 1231 militi

266 1252 363 1310 minor
374 1250 459 1327 qu'am
474 1250 631 1311 domestico
644 1251 710 1310 fides
721 1251 889 1313 habebatur.

305 1327 932 1410 Cnr'.VstAEgyptiiolimPersarumopbus

264 1408 388 1478 infensi,
412 1411 514 1487 quippe
532 1414 616 1471 auare
635 1427 666 1470 et
681 1411 798 1488 superbe
815 1408 933 1485 impeti·

262 1505 354 1547 tatum
374 1490 506 1551 sibi'esse
528 1488 697 1558 eredebant,
723 1488 758 1547 ad
779 1507 861 1563 spem
883 1489 932 1548 ad·

174 1637 177 1649 Α
262 1585 362 1628 ventus
375 1571 436 1644 epus
454 1585 601 1627 erexerant
612 1569 722 1628 animos
738 1591 752 1628 ι
767 1584 868 1643 utpote
883 1567 931 1644 qui

260 1646 418 1722 Amyntam
442 1665 554 1727 quoque
579 1648 780 1728 transfugam,
809 1662 846 1714 et·
864 1666 931 1707 cum

261 1727 389 1802 precario
404 1725 717 1802 imperiovenientem,
737 1724 797 1785 laeti'
808 1725 932 1803 recepis‘

261 1822 333 1866 sent.
355 1804 444 1889 [gitur
463 1803 561 1883 ingens
581 1805 737 1865 multitudo·
753 1802 925 1874 Petusium,

259 1894 314 1961 qua
328 1886 477 1947 intraturus
492 1902 541 1942 rex
556 1884 720 1953 videbatur,
742 1902 930 1946 convenerat.

255 1965 355 2052 Atque
363 1963 412 2021 ille
423 1961 544 2037 septimo
553 1963 614 2032 die,
624 1980 806 2040 posteaquam
820 1960 931 2024 aGaza

159 2047 162 2052 '
256 2059 353 2117 cop1as
375 2057 531 2107 moverat,
557 2041 587 2100 in
608 2044 757 2122 regionem
779 2038 929 2123 AEgypti‚

256 2138 343 2196 quam
353 2138 428 2179 nunc
442 2115 544 2178 Castra
554 2118 713 2181 Alexandri
719 2138 845 2189 vocant,
859 2141 928 2198 per·

255 2200 345 2261 venit.
360 2198 490 2266 Deinde,
503 2198 673 2274 pedestribus
684 2199 772 2276 copiis
781 2194 929 2267 Pedurium
976 2208 977 2211 ’

253 2294 345 2355 petere
355 2277 451 2350 iussis,
463 2278 521 2352 ipse
533 2297 598 2341 cum
607 2278 735 2355 expedita
746 2278 927 2338 delectorum·

253 2375 340 2414 manu
350 2353 421 2415 Nilo
432 2357 516 2414 amne
526 2373 623 2417 vectus
633 2376 674 2417 est
682 2380 693 2416 r
702 2377 756 2417 nec
767 2358 927 2430 sustinuere

253 2434 406 2497 adventum
425 2434 486 2511 ejus
502 2433 613 2508 Persae3
630 2436 793 2501 defectione
806 2455 920 2512 quoque

252 2512 400 2591 perterriti.
418 2512 546 2590 Jamque
568 2514 643 2574 haud
664 2515 764 2592 procul
788 2514 924 2592 Memphi

252 2599 311 2654 er‘at
328 2614 341 2661 ,r
361 2591 390 2650 in
413 2591 490 2667 cujus
511 2595 637 2668 praesidio
662 2594 794 2653 Mazaces'
818 2610 924 2669 ptaetor

250 2670 335 2736 Darii
344 2670 482 2740 redietur,
501 2670 577 2733 Orio
590 2692 675 2736 amne
690 2689 846 2757 superator,
866 2678 922 2736 oe-
