1936 3644
216 294 412 361 LIBER
453 296 573 366 Vnt·
669 308 728 374 '401'

3 414 4 419 ’
47 398 155 482 Quem
176 397 341 461 Alexander
364 411 432 461 cum
451 416 515 461 toto
536 395 664 463 exercitu
683 400 731 462 iu·

47 501 162 565 gressus
185 478 289 558 agitari
308 477 520 558 undiquesecus
538 480 629 560 jussit.
652 481 731 543 Inter

49 583 120 640 quas
135 580 204 622 cum
215 560 264 618 leo
280 559 481 639 magnitudinis
496 579 563 620 rarae
578 560 671 638 ipsum
680 581 729 622 te·

47 661 120 723 gem
139 641 289 700 invasurus
310 639 485 713 incurrerem
505 638 580 700 forte
598 638 730 718 Lysima-

48 720 141 788 chus,
157 719 207 798 qui
223 736 321 795 postea
338 720 486 798 regnavit,
503 718 651 797 proximus
659 719 731 781 Ale·

46 800 183 867 xandro,
197 798 372 859 venabulum
385 797 509 875 objicere
518 798 584 860 ferte
594 815 731 876 coeperat.

48 878 127 958 Quo
137 897 189 940 rex
198 878 335 955 repulso,
352 897 381 937 et
394 876 473 938 abire
486 878 586 956 jusso,
604 877 731 957 adjecit,

47 975 108 1020 tam
120 974 239 1018 cremet
255 976 308 1015 uno
323 976 431 1035 quamn
447 953 613 1038 Lysimacho
625 954 731 1016 leonem

48 1034 179 1116 interfici
189 1052 282 1117 posse.
297 1033 483 1113 Lysimachus
494 1035 573 1096 enim
583 1034 731 1114 quondam
792 1046 795 1053 '

47 1139 120 1181 cum
135 1134 288 1179 venaretur
302 1114 332 1174 in
340 1115 420 1193 Syria
432 1155 442 1185 ‚
460 1115 603 1177 occiderat
617 1115 729 1176 eximite

46 1194 255 1280 magnitudinis
263 1195 353 1256 feram
362 1197 455 1255 solus:
467 1195 514 1255 sed
523 1198 596 1258 laevo
606 1193 729 1256 humero

47 1295 142 1355 usque
152 1274 189 1336 ad
200 1294 262 1336 ossa
273 1276 411 1336 laceratus
419 1275 453 1334 ad
463 1274 597 1337 ultimum
609 1273 730 1353 periculi

46 1372 234 1436 pervenerat.
257 1354 401 1435 idipsum
418 1357 588 1431 exprobrans
606 1355 633 1415 ei
654 1372 728 1424 rex,

47 1435 153 1498 fortius
162 1454 250 1512 quam
260 1434 373 1495 locutus
383 1452 442 1503 est,
457 1434 537 1496 fecit.
548 1433 579 1494 N
581 1455 628 1494 am
638 1432 729 1495 feram

47 1537 111 1577 non
126 1534 198 1575 exce
218 1514 241 1573 it
254 1513 365 1587 m0d03
385 1513 433 1574 sed
442 1514 530 1574 etiam
539 1532 598 1575 uno
611 1513 729 1575 vulnere

48 1593 172 1658 occidit.
194 1535 362 1662 iactatam,
385 1612 445 1671 quae
464 1591 598 1672 objectum
616 1589 688 1652 leoni
711 1610 730 1652 a
777 1664 781 1675 Ι

47 1695 117 1756 rege
135 1669 332 1752 Lysimachum
347 1690 454 1734 temere
472 1672 621 1755 vulgavit,
642 1675 729 1732 abeo

46 1775 139 1823 casu,
153 1773 240 1831 quem
251 1772 333 1833 supra
343 1751 482 1822 diximus,
497 1771 589 1813 ortam
600 1770 658 1815 esse
669 1770 732 1812 cte·

48 1831 186 1895 diderim.
215 1830 352 1893 Ceterum
373 1833 547 1894 Macedones
568 1851 730 1909 quanquam

47 1931 193 1994 prospero
206 1929 310 1973 eventu
321 1911 466 1989 defunctus
476 1930 537 1973 erat
546 1911 731 1986 Alexander;

48 2011 152 2056 tamen
165 1989 272 2054 scivere
289 1992 382 2072 gentis
398 2014 454 2054 suae
473 2011 575 2062 more,
594 2011 631 2053 ne
644 1990 731 2070 pedes

48 2088 233 2140 venaretur,
258 2089 307 2132 aut
336 2071 396 2132 sine
416 2072 540 2132 ‘delectis
570 2072 731 2149 principum

47 2151 354 2227 amicorumque.'llle
364 2170 401 2212 tv
412 2151 537 2211 millibus
547 2150 669 2209 ferarum
679 2149 731 2208 de-

47 2232 158 2313 jectis,
180 2229 211 2288 in
226 2229 330 2290 eodem
345 2231 417 2290 saltu
439 2250 506 2290 cum
518 2246 582 2290 toto
605 2228 732 2290 exercitu

47 2310 187 2391 epulatus
201 2324 253 2368 est.
266 2309 336 2369 Inde
348 2309 518 2370 Maracanda
537 2309 658 2371 reditum
670 2325 711 2369 est
722 2330 733 2371 a

48 2407 230 2468 acceptaque
240 2389 733 2462 astatisexcusationeabArtabazo3

48 2467 238 2552 provinciam
253 2467 314 2545 ejus
333 2468 453 2530 destinat
467 2467 558 2530 Clito.
575 2468 634 2531 Hic
650 2485 734 2538 erat,

48 2549 101 2629 qui
126 2547 205 2626 apud
222 2543 383 2611 Granicum
403 2568 520 2609 amnem
539 2549 617 2609 nudo
641 2550 733 2627 capite

48 2650 81 2692 se
105 2649 156 2690 em
179 2625 364 2689 dimicantem
386 2629 489 2706 clypeo
512 2650 566 2689 suo
591 2628 693 2701 rescir3'
706 2642 737 2688 et

48 2649 205 2785 Bdoesacis
216 2725 337 2775 matum
349 2709 435 2790 capiti
450 2708 524 2792 regis
533 2707 738 2775 imminentem

584 2805 644 2868 Ll
