2002 3636
248 293 277 341 58
348 280 374 332 J.
409 281 602 335 antistiti,
634 276 823 332 SUPPLEM.

243 387 343 427 ¹rentes,
361 385 389 421 ut
402 368 477 420 etiam
486 369 657 436 mysteriorum
672 368 809 426 solemnia,
825 381 878 433 qua
893 362 925 418 itt
991 428 992 431 Ἴ

245 441 366 490 honorem
381 436 463 489 Liberi
478 435 558 488 Patris
574 436 696 502 precipua
709 435 830 502 religione
847 450 926 500 quot·

246 506 314 556 annis
328 507 454 557 celebrant
472 543 480 564 ,
498 505 532 554 ob
544 505 670 569 publicam
685 503 827 555 moestitiam
842 502 925 553 intet-

245 575 384 625 mitterent.
398 575 491 622 Verum
506 572 623 637 cupidine
638 571 698 622 belli
714 569 809 621 Persici
823 571 927 620 condo*

246 657 303 693 nare
318 639 410 692 Gratis
419 639 518 702 injurias
532 657 602 698 suas,
617 639 687 704 quarn
703 637 789 704 exequi
801 638 925 690 malebat.

175 763 177 769 ,
199 727 201 731 ·
245 710 327 776 Igitur
341 722 396 757 cum
405 707 545 765 Demades,
563 707 603 772 qui
619 706 736 770 Philippo
749 722 846 771 quoque
861 721 925 770 gra·

246 793 286 828 tus
301 790 463 840 acceptusque
479 777 575 833 fuerat,
592 790 678 838 preces
695 772 805 824 civitatis
818 774 849 821 ad
863 789 926 823 eum

247 843 399 899 detulisset,
419 840 610 892 Atheniensibus
627 840 753 900 indulsit3
773 854 801 891 ut
818 840 927 891 Demos«

213 944 217 951 ·
247 914 339 968 theat,
365 912 523 978 Lycurgopue
535 946 542 967 ,
566 917 589 959 es
606 911 664 960 aliis
683 926 738 974 quos
756 909 927 974 depoposcerat

247 981 367 1036 retentis,
383 993 456 1027 auum
465 978 633 1027 Charidemum
642 977 667 1025 in
675 977 774 1026 exilium
782 977 928 1026 mitterent·

190 1056 193 1061 ’
248 1047 297 1097 llle
310 1046 341 1094 ad
357 1045 441 1094 Persas
456 1059 482 1091 se
497 1041 622 1101 contulit;
638 1056 777 1106 magnoque
791 1039 852 1104 ipsis
867 1042 926 1093 cusi

249 1112 298 1163 fuit
309 1148 317 1171 ,
329 1112 410 1160 donec
420 1111 453 1157 ob
467 1107 610 1166 libertatem
621 1107 711 1173 linguae
720 1106 791 1157 Darii
804 1109 871 1170 jussu
884 1109 927 1159 itt-

249 1181 368 1231 terfectus
381 1189 429 1227 est.
445 1175 606 1241 alisquoque
621 1191 671 1225 non
681 1173 799 1240 postremi
813 1173 929 1229 nominis

250 1245 315 1303 viri,
333 1243 393 1293 odio
408 1242 474 1309 regis
488 1243 547 1292 urbe
565 1245 683 1301 deserta,
704 1244 735 1292 ad
753 1242 837 1292 hostes
853 1242 929 1296 illius

249 1311 373 1377 profecti,
386 1311 491 1360 multum
506 1309 603 1374 negotii
616 1308 793 1359 Macedonibus
806 1310 930 1361 exhibue-

249 1393 317 1429 tunt.
326 1380 389 1429 Post
395 1395 449 1428 cum
460 1393 540 1428 rerum
548 1377 835 1442 impertuncutsutnque,
848 1394 929 1429 nemo

249 1460 374 1510 supererat
391 1446 417 1495 in
435 1443 549 1502 Gracia,
565 1443 608 1508 qui
626 1459 668 1494 aut
683 1444 778 1494 viribus
795 1444 847 1495 suis
865 1461 929 1510 post

251 1514 403 1574 Thebanos(
414 1527 517 1578 quotum
526 1512 609 1577 gravis
618 1526 738 1563 amatura
745 1511 853 1562 celebris
861 1514 928 1565 olim

250 1584 351 1643 fuerat)
366 1595 408 1631 aut
417 1579 678 1644 occupataLeucadia,
695 1579 855 1631 munimentis
866 1597 930 1632 con·

220 1672 224 1675 -
249 1647 349 1700 fideret.
364 1651 476 1711 Namque
488 1645 623 1696 Leucadios
633 1646 681 1697 situ
698 1646 803 1712 oppidi,
825 1662 851 1698 et
867 1666 932 1714 pto.

251 1714 308 1766 riso
322 1715 349 1765 in
359 1716 461 1780 longam
477 1712 633 1764 obsidionem
648 1729 787 1765 commeatu
801 1718 904 1766 feroces
919 1754 929 1778 ,

250 1785 315 1834 fame
331 1781 446 1840 domuit3
468 1788 524 1831 tum
541 1779 753 1846 expugnatisque
771 1781 839 1831 circa
855 1799 932 1837 erant

252 1851 377 1908 castellis,
393 1849 505 1900 homines
520 1847 666 1899 Leucadiam
680 1848 746 1899 abire
762 1862 862 1913 passus,
882 1853 929 1903 ad.

252 1934 324 1968 aucta
337 1933 381 1980 per
394 1915 506 1981 singulos
515 1915 752 1975 diesmultitudine,
769 1934 872 1968 omnem
882 1937 931 1971 eo·

251 2001 304 2035 rum
325 1994 413 2046 penum
429 1982 586 2033 exhausisset.
605 1982 687 2050 Igitur
699 1984 732 2034 ‘ex
747 1985 930 2049 Peloponneso

250 2066 349 2116 quoque
366 2049 504 2115 legationes
518 2065 653 2109 venerunt,
668 2051 837 2117 gratulatum,
855 2057 931 2118 quod

251 2116 372 2168 confectis
392 2133 421 2167 ex
440 2116 514 2167 animi
531 2116 654 2170 sententia
676 2118 809 2168 barbaricis
825 2121 930 2184 bellis,

251 2185 326 2236 etiam
337 2187 480 2235 Gracoruns
495 2187 657 2250 quorumdam
670 2184 829 2236 insolentiam
845 2203 872 2239 et
889 2205 932 2241 te-

250 2252 390 2314 metitatem
399 2253 552 2318 castigasset.
561 2253 689 2310 Arcades,
702 2252 743 2320 qni
752 2254 875 2306 Thebanis
886 2276 931 2308 au-

249 2319 312 2370 xilio
329 2317 406 2369 futuri
429 2336 455 2370 se
473 2333 681 2378 commoverant,
705 2324 795 2381 ducet,
820 2339 929 2388 quorum
955 2363 962 2366 .

249 2388 368 2437 instinctu
377 2388 408 2437 ad
422 2404 474 2439 eum
481 2389 593 2453 furorem
602 2389 710 2455 prolapsi
719 2405 815 2447 essent,
835 2394 929 2460 capitis

249 2469 273 2503 se
289 2455 480 2506 condemnavisse
497 2455 660 2519 exponebant.
677 2454 732 2505 Elei
746 2457 856 2509 caulibus
871 2463 931 2515 suis

249 2520 353 2571 reditum
361 2524 518 2578 concessisse,
536 2539 583 2573 nort
597 2521 719 2581 abaliud,
732 2525 850 2590 nisipuod
862 2526 931 2577 Ale-

249 2589 343 2639 sundro
351 2602 420 2637 caros
428 2604 481 2641 acce
497 2589 579 2639 issent.
588 2590 621 2637 Et
628 2587 709 2637 AEtoli
723 2606 926 2654 excusaverunt,

247 2655 309 2721 quod
329 2654 355 2703 itt
375 2655 452 2705 tantis
493 2658 571 2705 racia
592 2655 688 2712 turbis,
708 2657 812 2724 ipsorum
832 2676 928 2727 quoque

247 2738 307 2790 gens
327 2736 446 2793 notorum
470 2723 627 2776 camillorum
649 2739 730 2793 expers
753 2742 800 2780 usn
817 2727 928 2796 fuisset.
