1968 3636
251 284 443 377 brnen
486 310 562 377 tx.
680 310 741 391 us<

76 388 172 491 pinta,
188 434 275 493 quam
291 415 393 492 clypeo
405 412 575 475 incidebant.
592 412 632 475 Pu
673 419 739 478 abac

75 505 200 574 protege
212 494 336 572 primum
348 491 481 553 celebrati
497 492 622 554 nominis
650 516 715 555 ama
728 519 738 556 r

76 571 170 633 deinde
196 572 374 650 desperatio,
396 590 534 651 magnum
558 572 593 632 ad
618 571 738 635 honeste

74 651 250 713 moriendum
267 651 493 727 incitamentum.
513 650 567 710 Sed
586 672 652 711 tum
668 656 737 713 sub-

74 728 136 790 inde
155 730 245 791 hostis
263 726 411 798 afflueret,
431 728 490 807 jam
509 729 655 809 ingentem
674 731 736 794 vim

74 809 190 870 telorum
214 827 363 887 exceperat
387 809 490 884 clypeo
506 829 516 867 ε
535 810 598 887 jam
621 808 736 889 galeam

75 900 136 948 saxa
157 888 370 969 perfregerantq
394 887 453 965 jam
476 888 614 948 continuo
636 887 735 949 labore

73 965 164 1056 gravia
177 987 272 1060 genua
285 968 472 1028 succiderant.
488 966 586 1043 ltaque
601 984 735 1026 contem-

73 1061 122 1104 nm
134 1064 163 1107 et
177 1065 310 1116 incaute,
328 1046 377 1123 qui
386 1044 511 1122 proximi
521 1061 672 1113 steterant,
687 1045 734 1104 itt-⁴

73 1142 231 1187 narrarunt:
242 1145 259 1185 e
270 1125 369 1201 quibus
376 1126 446 1184 duos
453 1123 551 1205 gladio
558 1124 597 1183 ita
606 1125 734 1200 excepit,

72 1218 101 1260 ut
123 1223 187 1266 ante
213 1205 306 1282 ipsum
334 1204 480 1264 exanimes
502 1205 733 1279 procumberent.

72 1277 132 1341 Nec
153 1285 287 1360 cuiquam
314 1283 413 1343 deinde
438 1283 553 1359 propius
577 1276 732 1343 incessendi

72 1364 134 1419 eum
143 1364 252 1423 animus
264 1362 336 1421 fuiti
351 1362 451 1439 procui
463 1361 555 1438 jacula
564 1361 733 1439 sagittasque

71 1441 223 1503 mittebant.
240 1442 295 1501 Ille
313 1441 347 1501 ad
363 1444 462 1500 'omnes
478 1441 548 1499 ictus
566 1441 730 1515 expositus,

72 1536 138 1598 egre
153 1521 211 1596 jam
225 1537 378 1596 exceptum
387 1517 540 1595 poplitibus
553 1537 655 1594 corpus
669 1534 732 1578 tue-

70 1588 161 1670 batura
176 1601 270 1659 donec
283 1598 366 1657 Indus
378 1598 499 1657 duorum
512 1597 673 1659 cubitorum
685 1617 732 1657 sa·

70 1675 165 1810 {ittam
176 1685 190 1754 (
201 1697 325 1754 namque
340 1677 433 1744 Indis,
451 1695 482 1735 ut
494 1695 576 1734 antea
586 1675 729 1744 diximus,

88 1755 146 1829 ujus
161 1756 363 1838 magnitudinis
379 1756 483 1835 sagittae
499 1769 578 1814 etant
593 1755 607 1823 )
624 1754 662 1813 ita
678 1773 731 1814 ex*

69 1835 170 1905 tussit,
187 1856 217 1897 ut
227 1855 278 1912 pet
287 1834 434 1894 thoracem
443 1833 559 1910 paulum
568 1852 649 1908 super
657 1832 731 1893 latur

68 1910 191 1974 dextrum
201 1914 375 1994 infigeretur.
384 1911 454 1989 Quo
465 1912 581 1973 vulnere
591 1907 710 1971 afflictus
715 1949 730 1981 ,

69 1997 167 2071 magna
177 1995 205 2054 vi
214 1992 357 2071 sanguinis
365 1993 524 2059 emicante,
535 1990 641 2050 remisit
649 2010 729 2050 arma

68 2072 233 2133 moribundo
245 2071 365 2139 simili„
376 2071 506 2145 adeoque
521 2071 658 2128 resolutus
670 2108 679 2135 ,
697 2078 730 2128 tit

65 2160 103 2205 ne
117 2151 151 2209 ad
169 2150 333 2213 vellendum
351 2150 465 2224 quidem
482 2147 572 2205 telum
589 2144 728 2206 sufficeret

67 2223 169 2292 dextra.
191 2232 289 2307 ltaque
310 2229 344 2289 ad
366 2225 580 2302 exspoliandum
599 2244 728 2300 corpus,

69 2306 115 2378 qui
131 2310 348 2377 vulneraverat,
369 2306 464 2367 alacer
477 2303 581 2384 gaudio
598 2301 731 2367 accurrit.

68 2379 162 2458 Quem
169 2406 199 2448 ut
208 2387 326 2461 injicere
334 2384 447 2460 corpori
455 2404 508 2445 suo
517 2403 615 2443 manus
624 2383 729 2452 sensit,

66 2463 169 2534 credo,
186 2465 281 2526 ultimi
299 2462 443 2525 dedecoris
458 2461 627 2542 indignitate
642 2480 729 2521 com*

65 2557 178 2612 motus,
195 2544 370 2621 linquentem
383 2541 527 2603 revocavit
537 2541 665 2601 animum
677 2581 686 2607 ,
699 2553 729 2602 et

65 2619 169 2682 nudum
179 2622 268 2683 hostis
282 2624 354 2684 latus
369 2621 496 2695 subjecto
508 2638 645 2679 mucrone
656 2617 729 2678 hau-

62 2694 110 2781 'dib
130 2701 267 2767 Jicebant
289 2702 368 2764 cince-
383 2719 480 2781 regem
500 2698 728 2858 trias'corpot22

550 2808 552 2811 ’
579 2812 643 2873 su]
