1936 3644
213 325 401 402 LIBER
439 327 567 390 VIII.
627 351 726 403 ,409

45 447 157 506 anceps
170 427 299 506 prelium
310 426 446 492 fecerant.
460 428 506 487 An
518 430 652 490 ultimum
666 450 725 490 occ

46 514 171 585 suorum
181 506 310 576 omissis,
328 527 448 583 quorum
461 527 515 567 ccc
528 509 616 568 hostis
627 511 724 586 cupita

46 588 155 650 dedere
173 605 251 666 terga
263 587 417 646 victoribus
433 609 442 645 ε
457 585 530 647 haud
543 590 725 658 tammulti,

46 669 158 757 quippe
178 683 260 724 cxxx
281 665 474 726 Macedonum
495 666 695 728 interfecerunt
713 709 725 736 ,

45 764 209 828 praeterque
228 762 279 802 eos
298 764 352 804 ccc
371 762 400 804 et
420 765 436 804 ι
457 747 544 805 saucii
564 747 632 807 facti
651 766 727 812 sunt.

46 827 183 891 Veniam
199 842 312 892 tamen,
325 824 412 883 etiarn
423 843 487 900 post
498 827 617 885 alteram
634 825 728 886 defec-

46 907 188 972 tionem,
205 903 439 977 impetraverunt.
456 902 511 962 His
529 904 559 962 in
576 905 662 966 fidem
678 925 729 963 ac·

45 985 142 1064 ceptis
153 983 184 1055 in
195 983 342 1073 regionem
350 1020 360 1049 ‚
368 988 455 1058 quam
465 981 562 1044 Nanru
572 986 727 1063 appellunt,

45 1068 101 1141 teir
114 1083 185 1124 cum
200 1063 263 1121 roro
280 1062 407 1123 exercitu
423 1062 511 1123 venit.
527 1063 657 1141 Satrapes
668 1081 730 1124 erat

47 1142 237 1223 Sysimithres
255 1141 364 1200 duobus
375 1159 412 1200 ex
423 1161 470 1202 sua
488 1159 578 1203 matre
589 1143 656 1204 filiis
671 1164 728 1223 ge-

46 1224 121 1286 nitis
136 1245 146 1283 :
161 1221 266 1300 quippe
287 1219 360 1297 apud
381 1237 432 1279 eos
450 1224 610 1298 parentibus
630 1242 728 1301 stupro

47 1303 138 1366 coire
146 1321 214 1361 cum
223 1299 316 1359 liberis
328 1300 368 1359 fas
376 1318 428 1362 est.
440 1319 468 1360 11
481 1303 728 1364 miIIibusarmaris

45 1380 241 1464 populatibus
252 1378 346 1439 fauces
357 1380 480 1516 reffionis
492 1420 501 1448 ‚
523 1402 577 1457 qua
589 1384 617 1441 in
629 1385 728 1444 arctis·

44 1466 161 1525 ‘simum
181 1458 311 1539 cogitur,
325 1459 382 1517 vali
402 1478 421 1517 0
437 1459 617 1522 munimento
633 1483 729 1540 sepse·

46 1559 132 1605 rant.
147 1535 354 1599 Praeterfluebat
366 1555 476 1597 torrens
487 1541 598 1613 amnis3
617 1562 632 1600 a
647 1560 728 1622 tergo

44 1640 135 1703 petru
154 1618 325 1678 claudebnts
341 1616 414 1690 hanp'
432 1637 519 1680 manu
537 1622 664 1696 perviam
683 1624 730 1680 in-

45 1704 129 1766 colae
140 1697 286 1768 feceram*
299 1695 352 1755 Sed
363 1697 451 1756 aditus
463 1717 561 1774 specus
571 1701 675 1776 accipit
684 1702 740 1759 Iu·'

45 1799 147 1851 cem3
166 1776 299 1837 interiora
317 1775 371 1834 nisi
385 1774 467 1835 illato
483 1779 591 1846 lumine
611 1782 730 1839 obscura

44 1879 135 1925 sunt.
155 1855 309 1933 Perpetuus
329 1855 476 1914 cuniculus
494 1856 548 1914 iter
573 1860 675 1935 prebet
698 1859 729 1916 in

43 1956 199 2016 campos,
222 1935 353 2016 ignotum
366 1933 419 2007 nisi
436 1934 586 2023 indigenis.
604 1937 644 1995 At
656 1938 730 1997 Ale-

43 2018 187 2093 xander,
201 2034 362 2092 quanquam
378 2014 518 2097 angustius
538 2017 657 2076 naturali
676 2017 731 2077 situ

45 2094 345 2163 munirasa'evalidas
355 2131 375 2169 „
386 2113 473 2151 manu
488 2095 597 2152 barbari
612 2098 732 2155 tueban-

45 2200 126 2252 ειυς
146 2192 243 2234 tamen
254 2171 385 2233 auctibus
394 2171 516 2231 admotis
531 2171 707 2232 munimenta
719 2215 730 2243 ‚

42 2279 118 2342 (με
134 2274 224 2326 manu
237 2252 367 2330 adjuncta
378 2266 475 2318 erant,
491 2252 655 2319 concussit,
668 2251 733 2311 fun·

42 2343 159 2417 disque
173 2350 203 2391 et
214 2331 320 2414 sagittis
332 2331 571 2411 propugnantium
583 2331 733 2409 plerosquo

41 2415 166 2499 dejecit
178 2433 188 2493 ς
201 2432 272 2489 quos
282 2410 330 2471 ubi
341 2408 480 2486 dispersos
491 2409 618 2490 fugavit,
638 2411 732 2474 ruinas

42 2494 311 2570 munimentorum
323 2507 512 2568 supergressus
522 2488 555 2547 ud
565 2491 674 2566 petram
685 2494 735 2551 nd-

42 2566 157 2643 niovit
179 2569 346 2631 exereitum.
372 2567 509 2628 Ceterum
529 2567 735 2631 interveniebat

43 2655 166 2723 fluvius
181 2647 348 2710 co'e'untibus
361 2645 439 2723 aquis
455 2667 491 2723 err
501 2649 645 2725 superiore
654 2649 733 2708 fasti·

39 2741 104 2837 gio
118 2735 152 2796 in
165 2729 297 2802 vallem
319 2725 471 2813 magnique
485 2727 578 2804 operis
590 2727 735 2797 videbatut

555 2825 639 2901 Mu
