1958 3630
330 108 339 133 ,
357 91 361 98 .

256 268 312 334 350
432 245 755 330 Q.'CURT41

247 357 310 437 jure
322 351 436 412 daturus
441 351 489 428 fui
499 373 595 433 poenus
608 374 620 425 ;
639 374 711 414 nunc
723 350 842 432 perire,
858 352 921 434 quit

248 431 359 514 parui?
383 430 483 510 Neque
503 433 576 493 enirn
601 430 657 492 utta
678 431 737 492 aliu
760 432 857 493 matri·
869 451 920 495 tun

247 509 427 652 {terrequendi
440 530 490 570 nos
502 530 587 571 ceusu
600 527 663 580 est,
680 531 759 602 quum
776 510 850 590 quod
865 512 918 572 uti·

261 611 270 650 t

273 608 358 651 tutem
373 610 447 651 tuum
461 589 586 650 muliebri
598 610 798 671 praeposuimus
806 591 919 671 gratius.
966 614 967 627 ἢ

248 667 309 731 Sex
331 668 420 730 miztia
441 667 627 730 Macedonum
645 667 794 750 pediturn,
820 689 849 731 et
873 689 915 732 uc

250 749 356 828 equites
373 747 501 816 adduxi,
523 767 633 839 quorum
647 767 714 827 puts
732 756 865 811 serutu'ra
880 770 915 810 nu

248 848 304 889 rtun
318 848 397 898 erut,
414 827 440 886 si
454 825 583 888 militium
594 825 813 890 detrectantibus
828 828 916 890 indui·

245 928 317 988 gere
327 906 485 969 uoluissent.
497 903 625 986 Sequitur
634 925 698 985 ergo
709 945 719 975 ,
732 924 762 965 ur
773 947 784 977 ,
796 910 864 986 quia
874 907 916 969 itu

242 1005 356 1068 propter
373 983 444 1045 banc
466 1005 578 1059 causatu
599 984 730 1045 irascitur
748 985 833 1047 nubis
854 1008 869 1060 ;
892 1005 916 1046 tu

247 1065 362 1144 mitiges
372 1081 508 1134 enarrent,
544 1064 572 1122 ui
585 1062 634 1124 irre
647 1064 706 1143 ejus
719 1085 775 1125 nus·
784 1062 917 1130 obtulisti.

290 1145 366 1204 Cur.
382 1146 420 1204 11.
433 1143 513 1206 Dum
525 1085 585 1204 istc
595 1144 735 1234 Amyntas
745 1145 828 1228 agit,
846 1147 915 1208 forts

246 1239 488 1305 superuenerunt,
509 1223 558 1300 qui
573 1223 689 1283 fratrem
705 1242 765 1297 erus
778 1225 914 1286 Polemo·
966 1292 967 1305 ἶ

246 1322 338 1372 nem,
357 1301 393 1362 de
405 1323 463 1378 quo
476 1320 542 1363 anre
557 1302 664 1362 dictum
675 1319 738 1372 est,
760 1303 912 1386 fugientem

246 1380 394 1442 consecuti
404 1381 533 1442 vinctum
543 1381 722 1454 reducebant.
733 1383 841 1446 Infesta
850 1404 915 1445 con·
966 1388 967 1459 i

248 1461 296 1522 cio
309 1461 358 1523 uix
369 1458 489 1522 inhiberi
500 1461 595 1539 potuit
608 1483 617 1534 ;
641 1460 708 1538 quin
721 1464 852 1540 protinus
868 1481 913 1523 suo
966 1464 967 1499 i

248 1561 406 1602 moresaxa
419 1541 448 1600 in
460 1561 527 1604 eum
544 1540 659 1619 jaceret.
678 1540 775 1618 Atque
785 1543 837 1603 iile
854 1541 913 1603 sane

183 1658 188 1664 -
246 1619 409 1687 interritus,
421 1618 493 1681 attii
503 1662 513 1687 ,
525 1620 636 1697 inquit,
651 1638 698 1699 pru
710 1639 753 1679 rne
764 1618 894 1703 deprecor
901 1637 914 1691 ,·

240 1697 325 1758 ruodo
336 1695 499 1773 nefrurruni
510 1697 675 1758 innocentiae
686 1695 761 1778 fuga
773 1699 915 1787 imputetur

246 1774 319 1841 enea.
331 1775 401 1837 Haer
411 1777 437 1837 si
450 1775 560 1853 defendi
573 1798 626 1836 non
633 1794 747 1857 potest,
763 1797 854 1839 meum
865 1797 915 1839 rst-
966 1812 967 1855 ἦ

248 1876 310 1917 rnen
328 1858 384 1919 sir.
406 1855 510 1919 Horum
531 1855 563 1916 ub
586 1854 617 1915 it
640 1855 730 1937 ipsunt
753 1857 914 1919 meliorest
966 1858 967 1929 3

200 2010 202 2014 Α
245 1954 353 2003 eausa,
373 1933 443 2013 quod
461 1954 536 2014 ego,
555 1933 601 2013 qui
617 1932 751 2026 profugi,
773 1955 913 2018 suspectus
966 1950 967 1963 ¹

245 2022 318 2075 rum.
337 2017 380 2075 At
395 2013 455 2073 baec
470 2015 587 2078 elocuto
603 2034 733 2076 universa
750 2019 860 2079 concio
870 2038 913 2078 us·

245 2113 326 2155 sensa
344 2109 397 2155 est.
417 2090 563 2170 Lacrymae
579 2093 679 2154 deinde
698 2095 834 2158 omnibus
853 2117 913 2158 mae

246 2192 314 2234 nare
325 2186 487 2252 coeperunt,
498 2173 569 2235 adeo
577 2174 607 2233 in
616 2174 793 2235 contrarium
801 2193 914 2255 repente

245 2251 380 2326 mutatis3
396 2267 427 2313 ut
437 2253 531 2311 solum
542 2273 597 2330 pro
605 2274 642 2314 eo
651 2270 723 2314 esset
734 2294 751 2344 ’.
760 2258 840 2333 quod
852 2277 915 2316 rua·
966 2312 967 2319 ,

240 2331 327 2397 ‚ssime
346 2330 463 2393 leserat.
489 2329 607 2400 iuvenis
627 2349 688 2393 etat
708 2353 806 2411 primo
831 2334 916 2399 seratis

245 2407 317 2468 flore
334 2410 510 2486 pubescens,
531 2432 616 2488 quem
632 2412 705 2475 intes
723 2412 837 2490 equites
855 2434 916 2476 tor·

244 2488 352 2548 mentis
364 2485 484 2551 Philotae
500 2493 682 2553 conturbatos
698 2491 811 2554 alienus
827 2511 918 2556 tetros

244 2567 405 2629 abstulerat.
420 2567 572 2629 Desertum
583 2591 650 2631 eum
661 2587 679 2630 a·
691 2571 871 2644 comitibus,
889 2591 918 2636 et

241 2645 424 2721 haesitassent
446 2647 519 2719 iuter
546 2648 706 2721 revertendi
730 2650 917 2750 fugiendique
