1936 3644
186 270 375 336 LIBER
413 270 521 338 VII.
631 270 690 352 387

41 369 105 435 itioa
119 389 178 443 est,
197 394 246 435 nec
259 373 350 436 invi-tn
360 373 452 435 teneri
457 392 560 458 potest.
575 370 694 438 Salubre

42 451 289 532 tonsiliomsequens
300 474 381 533 quarn
391 475 513 533 pratens
527 472 632 535 ternpus
644 477 695 517 or·

43 531 117 591 tendit
128 530 233 597 melius.
244 531 354 614 Impone
359 531 499 610 felicitati
515 532 696 612 taaeftenos,

39 607 139 685 facilins
160 610 236 673 iiiam
254 632 345 693 reges.
367 612 472 674 Nostri
493 612 555 673 sine
577 613 696 694 pedibus

43 687 122 750 ditant
131 711 190 752 esse
198 692 359 769 fontanam,
375 712 435 772 qaae
443 711 541 752 manos
552 709 579 752 et
586 713 695 773 pennas

42 769 217 833 tottonhobat
226 791 239 845 ;
256 792 317 833 curn
327 791 425 831 manns
435 771 573 853 porrigit,
587 792 697 851 pennas

43 866 127 988 gorne
137 849 356 933 comprehendere
367 872 421 912 non
433 850 514 913 sinit.
527 849 658 927 Denique
668 850 698 912 si

71 948 111 987 eos
126 949 173 1000 es,
192 930 312 992 tribuere
325 928 487 992 mortalibus
498 927 634 1010 beneficia
644 929 699 992 de·

45 1002 82 1066 ies
92 1028 104 1080 ,·
114 1030 172 1071 non
183 1031 234 1072 tun
243 1010 349 1091 eripere
360 1036 370 1072 .·
383 1009 430 1071 oin
444 1029 534 1071 antem
545 1009 623 1070 honto
637 1030 667 1070 es
682 1027 698 1082 ,·

46 1081 136 1165 idquod
147 1111 194 1161 ar,
210 1110 386 1182 temperasse
397 1107 445 1160 te,
459 1089 563 1170 cogita.
574 1086 707 1151 Staltann'

48 1182 81 1225 est
93 1188 175 1230 eornm
191 1168 369 1240 meminisse,
381 1186 491 1251 propter
500 1189 560 1247 qun
573 1169 613 1229 toi
624 1167 697 1229 obli·

44 1242 152 1313 ritcirit.
164 1245 275 1332 Quibus
286 1246 446 1309 bellamnon
457 1247 607 1319 intuleris,
617 1246 699 1309 bonit

45 1325 128 1411 etnicis
141 1331 241 1411 poteris
264 1327 318 1390 uti.
335 1328 414 1389 Narn
429 1346 457 1388 et
464 1326 634 1407 firmissima
654 1343 701 1390 est

46 1419 104 1465 inter
121 1429 197 1489 pares
217 1406 372 1481 amititia;
394 1424 422 1468 et
441 1407 570 1470 ridentur
588 1427 700 1489 paret,

46 1483 82 1559 qai
95 1487 274 1565 nanfecerunt
288 1486 362 1547 inter
381 1488 412 1548 se
422 1485 574 1577 periculam
586 1485 703 1553 virium.

47 1557 113 1702 φνας
123 1568 242 1642 viceris,
262 1565 366 1628 amicos
376 1565 426 1627 tibt
438 1586 500 1627 erse
509 1587 576 1628 care
589 1563 702 1632 credas·

61 1646 254 1710 nterdotninum
266 1663 293 1708 et
301 1666 408 1707 servum
417 1644 493 1706 nulla
501 1643 629 1706 amicitia
639 1661 702 1716 est,

48 1722 117 1785 etiarn
132 1727 160 1788 in
172 1748 263 1809 pace,
286 1724 351 1786 beidi
367 1745 457 1787 tamen
466 1731 532 1806 jota
541 1736 714 1790 sanantur·-

48 1799 152 1866 dorattdo
166 1808 291 1887 gratiam
305 1801 424 1887 Scythas
437 1805 548 1866 sancire
559 1825 594 1864 ne
610 1802 704 1865 credi-

48 1878 118 1970 derit.
137 1885 258 1949 Colendo
269 1882 381 1965 fidem,
402 1886 513 1963 jurant.
542 1881 711 1944 Grae'corant·

49 1976 95 2022 otta
114 1967 200 2027 cautio
220 1982 287 2033 est,
309 1963 354 2042 qui
375 1982 439 2024 arta
461 1962 652 2042 consignant,
675 1977 707 2023 et

49 2036 115 2103 Deos
125 2045 264 2107 invocant.
277 2042 343 2105 Nos
357 2040 519 2123 religionem
533 2043 564 2102 itt
575 2039 708 2122 ipsafide

49 2122 167 2189 novimus.
185 2121 245 2207 Qui
256 2143 310 2183 rton
319 2140 476 2184 reverentur
488 2119 632 2189 homines,
642 2117 707 2196 sal·

50 2195 98 2261 lunt
113 2201 199 2266 Deos.
224 2201 293 2266 Nec
310 2200 361 2260 tibi
385 2200 474 2261 arnico
494 2217 559 2280 opus
581 2210 658 2268 ests
670 2195 710 2258 de

49 2281 115 2359 arjos
128 2279 317 2346 benevolentia
331 2279 451 2343 dubites.
468 2276 595 2339 Ceterum
610 2296 661 2337 nos
677 2290 709 2340 et

49 2356 117 2420 Asin
131 2360 237 2424 atEoro
258 2383 281 2421 a
294 2359 422 2421 custodes
434 2357 569 2419 habebis:
581 2356 710 2430 Bactri,

50 2436 97 2497 nisi
116 2438 222 2503 diridet
268 2439 373 2511 anais,
400 2435 585 2517 contingimus
604 2462 613 2498 .·
633 2435 710 2498 nitra⁴

50 2510 148 2580 Tanain
158 2541 191 2581 os
209 2541 242 2582 ue
258 2517 295 2581 ad
305 2516 455 2581 Thraciam
469 2515 584 2577 colinus
594 2534 607 2587 ;
618 2513 716 2576 Tira-s

50 2593 94 2655 tia
102 2542 297 2661 Macedoniarn
310 2599 483 2680 conjunctam
494 2592 641 2679 essesanta
653 2610 717 2661 estat

49 2668 156 2762 Utrique
170 2678 285 2766 irnperio
307 2695 353 2743 too
363 2676 507 2762 finitimos
524 2714 535 2745 ‚
554 2673 648 2736 hostes
670 2680 717 2765 aa·

509 2777 538 2840 K
554 2775 573 2849 k
590 2770 616 2860 ij
