2002 3636
270 277 306 328 iso
371 264 400 317 d.
431 266 624 320 antitisti.
657 265 847 321 SUPPLEM.

269 369 313 417 qut
324 368 468 412 censerent
485 371 572 406 omissa
580 356 684 406 Gracia
693 373 769 413 cura
788 370 877 421 quatita
883 366 943 424 pos
988 356 989 359 ’

270 436 307 471 set
322 423 421 474 lenitate
440 392 573 484 de’ficicntes
591 421 650 473 barb
652 440 707 473 aros
722 424 747 472 in
765 425 838 493 officio
861 427 945 479 conti·
988 423 989 450 ¹

270 490 359 540 nendos
375 507 442 541 esse:
454 505 579 555 postquam
597 490 707 540 intestini
723 506 802 540 motus
817 493 941 542 consedis-
988 490 989 519 ³

271 570 347 611 sent,
370 557 498 631 longinquo
504 557 614 631 facilius
628 557 822 632 compositurum.
847 558 940 608 Verum
987 558 989 587 l

269 590 428 670 adolescens⁰'
422 620 511 686 insigni
520 621 595 671 animo
589 621 789 687 magnitudine,
799 637 869 672 ιιιιτι
880 640 941 677 con·
988 628 989 653 l

270 687 325 737 s'ilia
346 704 391 751 pto
409 687 505 754 ignavis
520 688 671 740 fastidiebat.
694 693 812 769 Perpetuo
829 693 939 742 omnium
988 694 989 721 l

269 758 400 807 contemtui
416 756 541 808 obnoxium
551 759 630 820 fore,
651 759 674 808 si
688 759 714 807 in
731 758 850 824 principio
866 760 941 826 regni
988 762 989 785 ³

270 824 363 902 impune
379 841 402 874 se
416 825 494 890 sperni
505 822 640 892 pateretur.
665 824 706 874 Ad
723 840 814 873 omnem
829 800 939 901 deinceps

266 893 347 940 vitum
358 892 495 957 pertinere,
513 895 606 970 qualem
620 893 646 942 de
662 909 685 942 se
698 892 828 958 opinionem
841 909 866 940 ιιι
883 895 940 942 ani-

271 975 317 1008 mis
322 959 462 1009 dromonum
453 958 567 1022 incipiens
576 960 707 1024 imperator
717 959 814 1009 excitet
819 958 941 1035 Philippi

271 1042 348 1076 necem
358 1026 422 1074 ltoud
430 1024 509 1090 magis
516 1025 564 1075 sibi
573 1059 581 1080 ‚
597 1040 666 1090 quam
677 1020 825 1077 rebellibus
815 1041 939 1092 mexspec-

270 1094 347 1144 totam
363 1091 503 1141 accidisse:
521 1093 667 1158 trepidantes
680 1093 755 1143 udltuc
773 1124 781 1148 ‚
800 1105 823 1142 et
837 1093 940 1144 consilii

270 1161 378 1209 inoertos
392 1159 459 1208 nullo
473 1159 567 1224 negotio
582 1159 684 1238 opprimi
695 1174 783 1225 posse:
777 1174 835 1224 .per
849 1159 939 1211 Mace-

268 1227 354 1286 donum
367 1225 541 1275 cunctationem
552 1227 614 1305 erige
609 1225 751 1277 seditionis
765 1238 894 1287 auctores;
910 1241 940 1282 et

267 1293 308 1358 qui
323 1309 385 1341 nunc
398 1292 471 1342 etiam
484 1296 599 1343 nutarent
610 1294 720 1352 animis,
718 1293 939 1352 tumultuantibus

267 1375 409 1410 accessuros.
423 1359 463 1408 lea
478 1361 875 1427 contraparatosconfirmatosque
890 1376 938 1411 an

258 1443 317 1491 ›oeps
326 1426 624 1476 disortmensubeunoum
634 1443 695 1476 nunc
702 1427 834 1476 celeritates
842 1443 937 1493 mavis,

266 1509 337 1558 quam
350 1492 442 1542 virium
450 1504 569 1544 certarnen
577 1510 633 1545 esse·
647 1493 716 1554 Quod
725 1510 746 1542 ιι
740 1492 903 1542 adtrersus'
880 1511 938 1543 stn-

262 1562 336 1638 gulos
350 1561 451 1609 audacia
466 1576 512 1609 non
527 1574 612 1621 essee‚·
633 1561 689 1638 quid
703 1560 785 1610 deinde
793 1559 915 1622 futurum
926 1597 946 1620 ‚‚

262 1627 286 1675 si
298 1641 388 1676 metum
402 1626 506 1688 confesso
523 1642 601 1676 omnes
614 1643 660 1676 uno
677 1628 763 1701 impetu
774 1626 937 1692 superfunde-

252 1693 372 1743 erentur?
388 1689 534 1741 Hisdeiode
547 1691 708 1757 congruentia
722 1693 881 1754 adpopulum
891 1694 936 1743 lo-

264 1773 354 1817 cutus,
370 1757 478 1821 adjecit3
492 1763 678 1824 effecturumse‚
695 1775 722 1810 ut
732 1761 796 1810 cives
809 1746 937 1827 hostesque

262 1828 340 1887 fateri
354 1844 516 1893 cogerentur,
536 1842 613 1894 erepto
623 1843 693 1893 putre
706 1844 791 1893 corpus
805 1843 936 1894 nomenque

262 1895 326 1960 regis
341 1908 463 1943 mutatum
481 1911 548 1955 esse,·
567 1896 696 1945 consilium
716 1896 865 1958 animumque
884 1912 935 1946 non

260 1960 401 2010 desiderari.
420 1960 484 2009 Eam
503 1976 585 2010 rerum
607 1963 780 2011 conversionem
801 1964 936 2015 nonnullos

260 2028 406 2077 occasionem
415 2028 580 2077 tumultuandi
586 2029 707 2092 putavisse
715 2046 725 2089 ;
737 2027 779 2085 ted
793 2026 863 2078 brevi
877 2045 936 2094 poe·

229 2104 236 2117 ·
260 2109 305 2142 nas
320 2094 430 2143 daturos.
449 2094 523 2144 Modo
541 2095 683 2145 Macedones
700 2094 790 2145 eosdem
806 2096 903 2145 animos
921 2132 932 2154 ‚

251 2161 349 2212 eosdem
358 2163 462 2211 lacertos
470 2161 714 2217 sebtcommsdarent
729 2175 863 2225 quostanta
872 2178 931 2212 cum

258 2228 390 2293 ipsorum
376 2227 476 2282 olorda,
492 2241 604 2290 tantoque
618 2228 730 2278 victoria
737 2228 844 2289 fructu,
857 2230 932 2293 patri

250 2310 300 2343 -suo
316 2310 360 2358 per
372 2307 409 2342 tot
422 2307 496 2343 annos
505 2293 688 2369 praestitissent.
704 2294 732 2343 ld
750 2309 793 2359 quo
805 2297 932 2360 pronttius

251 2359 409 2437 odacriuspue
415 2361 547 2423 facerent;
562 2359 760 2434 omniumpraeter
775 2363 874 2417 militia
882 2378 933 2412 va·

256 2427 373 2477 tationem
383 2427 440 2500 ipsis
453 2427 585 2478 concedere·
601 2423 740 2475 Consilium
751 2425 817 2491 tegis
826 2431 932 2478 fortuna

251 2490 452 2555 comprobavit.
448 2494 510 2541 Νοιι
524 2508 622 2556 segnius
630 2509 701 2555 quam
716 2494 817 2542 locutus
827 2498 933 2554 fuerat,

255 2558 352 2625 singula
373 2574 513 2623 aggressum
537 2557 693 2608 felicissimus
711 2558 821 2609 omnium
845 2560 932 2612 exitus

247 2640 352 2679 secutus
364 2640 411 2676 est.
420 2630 452 2675 Et
460 2625 593 2689 Amyntam
601 2624 714 2700 quedem
724 2626 856 2689 patefactio
866 2646 929 2693 quas

251 2691 556 2751 sskeuuxcrminsidiie,
572 2687 731 2757 occupavit:
747 2694 865 2745 Attalum
880 2712 930 2759 pet
988 2750 989 2753 ,

777 2762 926 2814 Hecataeum
