1968 3636
249 281 561 358 uraaurx.
623 245 624 249 Ν
683 302 746 370 'ur

80 397 150 445 rant.
170 382 247 468 Ergo
262 389 386 451 universi
399 392 434 451 ad
450 413 523 462 eos,
545 392 592 472 qui
610 392 743 458 inarmis

79 479 176 533 erant,
195 484 334 537 currunt,
349 466 444 544 furere
459 474 656 545 clamitantes,
679 497 741 536 cunt

78 537 146 600 Diis
159 544 288 622 puralium
304 546 435 611 initurus.
452 549 581 630 Nauigia
593 572 646 613 non
656 550 742 635 poste

79 622 209 683 numerari
221 664 231 694 ,
244 645 303 704 quur
316 625 435 688 inuictos
444 627 584 701 vulterana
595 633 739 694 Tantum·

79 718 129 776 que
139 700 169 760 in
179 704 335 765 exercitum
344 727 461 768 suorum
470 710 591 770 intulere
604 716 739 782 terroris,

79 780 131 839 utl
169 800 230 842 atos
240 785 386 846 mitterent
394 805 510 867 gentem
519 788 670 853 dediturum
686 793 743 852 Hie

78 855 141 917 infi
175 883 206 921 m
225 865 371 940 acceptis,
390 866 424 925 ad
439 868 510 928 alias
527 868 626 928 deinde
644 890 746 949 gentes·

79 955 174 1012 quarto
186 941 231 1002 die
247 944 386 1022 pervenit.
407 945 509 1006 Nihilo
520 948 582 1025 plus
593 949 680 1009 animi
699 950 746 1008 his

77 1013 151 1089 fuir,
173 1042 259 1097 quam
279 1022 378 1083 ceteris
397 1023 497 1085 fuerat.
520 1029 617 1104 ltaque
635 1029 743 1105 oppido

79 1091 115 1153 ibi
132 1100 268 1170 condito,
290 1100 366 1178 quod
381 1099 585 1165 Alexandriam
606 1107 744 1185 appellati

81 1169 208 1248 jusserat,
228 1181 300 1241 fines
317 1201 439 1252 eorum,
461 1186 508 1260 qui
523 1182 668 1246 Musicani
690 1204 744 1263 ap·

76 1255 233 1328 pellantur,
246 1259 372 1322 intravit.
386 1261 444 1322 Hic
459 1265 494 1322 de
505 1264 639 1324 Teriolte
653 1285 741 1326 satra-

77 1346 130 1405 pe,
148 1355 232 1412 quem
248 1339 474 1416 Paropamisadis
493 1344 671 1420 praefecerat,
692 1342 742 1404 iis-

78 1408 138 1472 dem
148 1418 328 1497 arguentibus
336 1420 645 1500 cognovitemultaque
655 1440 743 1484 avare

31 1495 34 1498 ’
78 1496 744 1577 ηοειιρεῐδεῖεεὶεεεεοηνὶετιιιηὶηῑεῐῆεἱῇυεείτ,

78 1565 214 1636 Oxathres
233 1594 337 1654 prator
353 1577 587 1649 Bactrianorum,
612 1599 671 1639 non
690 1584 744 1640 ab·

80 1648 182 1713 solutus
192 1656 293 1725 modo,
303 1657 348 1715 sed
360 1656 446 1716 etiam
460 1658 519 1735 jure
531 1659 675 1737 amplioris
686 1659 745 1739 im-

79 1729 145 1800 perii
156 1731 276 1809 donatus
287 1753 340 1797 est.
350 1735 466 1796 Finibus
478 1736 631 1798 Musicanis
641 1738 746 1798 deiude

79 1802 253 1875 inditionem
264 1814 467 1885 redarrir,-urbi
476 1836 576 1876 eorum
585 1816 747 1894 presidium

78 1881 219 1963 imposuit.
233 1890 302 1952 Inde
313 1892 429 1954 Praestos
440 1912 469 1954 et
478 1896 566 1973 ipram
577 1892 664 1955 Indiae
671 1912 746 1976 gen-r

79 1975 134 2023 tem
154 1988 323 2049 perventum
342 1989 394 2032 est.
414 1972 571 2052 Oxycanur
589 1992 638 2034 rex
658 1991 747 2042 etate

79 2042 124 2116 qui
137 2068 165 2108 se
179 2050 295 2112 munite
311 2052 374 2111 urbi
391 2073 457 2112 cum
473 2070 576 2132 magna
589 2072 676 2114 manu
691 2073 748 2130 po-

79 2122 215 2194 pulariurn
225 2131 388 2190 incluserat.
397 2129 483 2191 Hanc
492 2131 652 2190 Alexander
660 2131 748 2189 tertio

80 2198 123 2259 die
141 2226 226 2282 quam
245 2223 370 2285 coeperat
389 2209 540 2277 obsidere,
564 2209 750 2289 expugnavitt

80 2273 115 2337 Et
125 2281 300 2363 Oxycanus,
319 2304 385 2347 cum
397 2287 426 2345 in
439 2306 533 2348 arcem
553 2288 747 2368 confugisset}

80 2354 186 2438 legatos
207 2367 243 2426 de
263 2365 428 2427 conditione
448 2367 596 2427 deditionis
618 2368 695 2427 misit
713 2367 748 2426 ad

81 2450 174 2516 regem
189 2468 198 2504 r
214 2445 261 2505 sed
280 2461 433 2522 antequam
450 2445 559 2505 adirent
577 2466 665 2514 eum,
688 2446 752 2535 duae

81 2526 167 2580 turres
188 2545 256 2584 cum
276 2524 385 2604 ingenti
410 2525 520 2605 fragore
541 2527 749 2614 prociderant,

45 2656 52 2659 ,
81 2608 129 2666 Per
147 2620 266 2676 quarum
286 2607 378 2664 ruinas
395 2603 566 2664 Macedones
586 2623 699 2664 evasere
715 2618 751 2694 'tn

83 2688 175 2744 arcem
190 2704 203 2759 3
219 2702 279 2762 ,qua
299 2682 549 2762 captaOuycanus
571 2700 638 2742 eum
659 2700 755 2760 pauco
814 2745 816 2750 ,

553 2778 655 2858 Teii
747 2818 785 2824 ψ-
