2002 3636
178 247 180 249 ’
254 270 269 310 t
344 259 599 317 maturuere
631 258 819 310 auritium.

253 360 283 399 ex
301 360 345 397 ote
369 345 533 412 membrisque
549 345 674 397 exhalaret
694 347 798 399 odotem
815 380 823 404 ,
843 361 926 411 eoque

248 413 329 465 <etiam
351 412 461 471 tunicas,
479 412 565 478 quibus
587 429 715 473 uteretur,
731 412 848 477 impleret
863 430 870 464 z
888 413 927 463 ob

252 482 350 532 easdem
363 497 467 538 causas,
486 495 514 530 ut
529 478 628 545 quidam
644 495 753 545 putant,
771 481 801 530 ad
817 480 929 539 vinum,

251 546 361 612 iramque
384 545 534 611 proclivior.
557 546 678 599 Visuntur
701 547 782 597 adhuc
804 546 927 612 imagines

252 615 306 677 ejus
319 629 468 679 statuaque,
485 630 636 665 summotum
652 613 771 665 artificum
788 630 863 678 opera
873 629 882 673 ς
892 626 928 664 tte

253 680 322 732 euim
335 681 474 746 vulgatium
486 680 641 745 sculptorum
655 680 813 745 pictorumve
821 680 926 733 tctueti-

253 762 307 800 tate
318 747 369 798 otis
377 747 415 798 sui
423 748 504 798 honor
517 749 703 806 obsolesceret,
718 745 927 808 studioteeavitt

249 832 348 884 poenam
357 814 566 874 comminatus3si
574 818 626 882 quit
633 817 725 881 injussu
732 833 776 868 suo
783 831 925 867 conaretur.

253 887 322 948 Ergo
337 883 475 932 abundante
488 896 542 932 tum
555 881 679 933 artificum
689 880 778 944 copia,
796 881 929 933 uolentem

254 966 318 1000 unus
333 949 439 1012 Apelles
455 947 555 1013 pinxit,
572 947 677 1013 sculpsit
695 947 856 1014 Pyrgoteles,
874 950 929 1013 Lp-

253 1016 340 1081 tippus
358 1032 384 1066 et
400 1017 544 1081 Polycletus
560 1031 606 1066 are
628 1016 758 1066 duxerunt.
780 1016 928 1068 citatiorem

252 1101 366 1154 gressum
374 1084 484 1133 Leonidae
491 1084 679 1146 vitiumfuitte,
696 1084 796 1140 feruut5
810 1099 838 1134 tat
849 1082 928 1148 ipsius

254 1151 425 1201 eomuetudirt'e
441 1150 465 1198 id
482 1149 574 1201 lraesisse
590 1149 731 1209 Alexandro
744 1169 752 1198 .·
765 1149 826 1215 quod
842 1163 928 1214 postea

254 1233 311 1270 cum
326 1217 392 1266 enixe
406 1217 502 1272 vellet,
519 1216 641 1283 corrigere
656 1232 703 1266 non
713 1217 833 1281 potuerit.
848 1212 930 1278 Equi·

256 1283 315 1332 dem
330 1279 470 1332 educationi
485 1279 619 1344 plurimum
632 1280 705 1331 tribui
720 1282 807 1333 debere
821 1297 871 1330 non
886 1279 930 1331 in-
997 1340 998 1345 ¹

257 1347 350 1405 liciort
369 1362 477 1398 ceterum
492 1348 540 1398 hoc
554 1347 652 1413 quidem
661 1363 750 1405 nature
764 1347 848 1412 potios
861 1347 930 1397 ado-
951 1388 954 1391 .

256 1413 392 1472 descensis,
409 1430 479 1478 quam
497 1414 645 1466 assuetudini
660 1415 762 1479 deputo.
783 1413 881 1466 Etenim
898 1414 929 1464 in

256 1481 358 1534 homine
374 1480 535 1532 velocissima
549 1481 656 1541 mentis,
670 1498 796 1541 necessum
809 1496 879 1541 etat,
898 1496 930 1534 ut

256 1550 371 1600 ardorem
382 1547 454 1599 animi
466 1548 579 1613 corporis
588 1548 663 1600 etiam
677 1565 758 1600 motus
773 1562 928 1614 sequeretur.

255 1618 341 1681 'Quem
351 1616 413 1666 adeo
422 1632 473 1666 non
488 1614 514 1665 in
528 1615 593 1667 vitio
608 1633 712 1680 posuere
722 1633 873 1669 successores
887 1613 930 1679 ip·

256 1683 327 1742 tius,
343 1698 371 1732 ut
383 1681 456 1733 etiam
467 1683 578 1733 studiose
590 1683 777 1743 emulatentur3
793 1681 867 1734 timul
881 1681 930 1732 dc-

256 1749 378 1816 pressiore
393 1748 418 1799 in
432 1750 518 1802 laevum
531 1751 620 1808 collo,
637 1751 751 1803 obtutum
764 1751 817 1813 eim
828 1748 929 1800 vibran-

257 1832 326 1874 tem,
340 1831 367 1867 et
374 1816 501 1868 elatiorem
514 1833 605 1867 vocem
619 1815 709 1868 imitati
726 1835 737 1867 t
750 1833 805 1868 cum
819 1815 928 1867 animum

256 1899 310 1935 aron
333 1882 507 1947 exprimerent.v
520 1882 618 1948 Quippe
638 1884 801 1947 plurimorum
823 1900 851 1933 ex
872 1881 929 1936 illis
949 1901 952 1905 ·

256 1951 335 2015 longa
349 1949 403 1999 vita
418 1949 461 1999 vix
476 1949 607 2024 quidquam
622 1949 708 2004 habuit
722 1951 841 2016 digitum,
858 1951 929 2015 quod

256 2033 316 2067 cum
337 2015 406 2075 hujus
422 2015 527 2078 pueritia
546 2033 736 2081 compararetur.
758 2019 844 2081 Neque
860 2015 928 2068 eninr

257 2082 391 2149 quidquam
407 2098 449 2132 tut
464 2083 631 2148 loquebatur,
650 2100 693 2135 aut
708 2085 796 2149 agebat
810 2081 904 2133 humile
917 2100 927 2143 3

256 2151 302 2201 sed
316 2148 393 2199 dictis
404 2147 522 2214 factisque
534 2167 579 2214 par
592 2153 693 2201 fortuna
706 2168 752 2203 sue
765 2186 773 2210 ,
794 2148 928 2227 relxetiauu

257 2235 328 2280 supra
346 2232 408 2268 erat.
429 2219 495 2266 Nam
512 2235 565 2267 eum
580 2234 645 2268 esset
657 2218 738 2268 laudis
752 2215 927 2276 avidissimus„

239 2298 311 2339 'nott
329 2285 495 2348 undecumque
512 2301 565 2334 eam
582 2284 710 2335 affectabat
728 2321 736 2345 ,
758 2285 802 2335 sed
822 2283 928 2347 optimis

257 2350 393 2416 quibusque
416 2350 552 2413 comparari
574 2353 694 2416 gaudebat
714 2349 872 2413 :ingloriam
897 2368 928 2404 ert

259 2417 353 2469 vilibus
362 2417 466 2480 palmam
476 2415 756 2485 intelligens,tantoque
765 2416 928 2471 illustriorem

258 2483 412 2543 uictoriam,
431 2500 523 2549 quanto
536 2502 598 2551 quos
609 2485 711 2539 vicisset
723 2484 800 2551 plutis
812 2485 929 2543 habereu-

258 2567 310 2603 rur.
326 2555 392 2616 Ergo
408 2550 565 2610 dicentibus,
582 2555 692 2617 quoniam
706 2571 779 2605 curru
792 2553 928 2619 plurimum

260 2621 372 2675 voleret,
390 2620 592 2684 debereprofiteri
609 2637 693 2672 tomen
705 2638 774 2672 suum
787 2622 851 2673 inter
867 2637 926 2678 tot,

260 2687 302 2757 qui
315 2686 447 2757 olympicis
460 2687 524 2742 ladit
535 2688 656 2751 certaturi
670 2703 763 2748 estem,
779 2688 946 2756 cognoverit*
