1968 3636
227 278 289 345 noo
409 254 452 345 Q.
493 251 737 357 cunels

230 380 316 430 notum
330 356 444 437 ordem3
465 360 603 424 elassibus
616 361 705 427 mario
719 372 884 424 consternor
892 371 906 436 ,⁴

230 444 382 506 inusitatos
400 440 505 504 belluas
521 441 634 503 inducas
644 467 654 502 .·
666 463 696 502 ro
712 459 767 502 nos
777 459 905 522 *prono

230 520 276 585 dis
295 522 426 586 inuictoss
443 520 500 582 Sed
512 521 573 601 quis
585 520 712 583 Deorum
728 518 782 582 hoc
800 519 903 582 Mace·
962 516 963 573 ἴ

230 599 322 663 doniae
334 600 455 662 columen
466 621 501 660 oo
512 598 592 660 sidus
604 599 765 661 diuturnum
768 599 838 677 fore
849 595 905 680 poi-
963 634 964 655 s

229 677 310 741 liceri
355 699 426 741 orest
438 696 451 751 ,⁶
476 700 537 740 curn
560 696 616 739 rom
638 677 720 739 aride
745 675 906 756 manifesti!

228 701 364 841 periculis
377 754 478 839 offerm
495 778 613 837 corpus,
631 756 732 819 obiitus
745 773 788 818 tot
804 758 907 820 sirium

233 837 344 903 animos
367 836 523 899 traherem
545 836 582 897 in‘
597 838 727 898 cusum?
750 837 817 915 quis
837 836 907 897 enirn
963 850 964 859 ¹

233 916 286 983 ribi
302 935 441 998 superstes
458 914 596 999 audomar
613 936 697 984 esse,
722 928 773 976 aus
789 916 905 996 potest?

233 1015 267 1058 eo
280 996 477 1078 pervenimus,
497 993 649 1074 auspicium
665 1012 747 1072 atque
764 994 905 1075 imperium

234 1074 325 1137 securi
338 1090 435 1144 tuum,
458 1072 528 1133 unde
545 1071 602 1133 nisi
622 1090 649 1133 re
665 1071 769 1133 reduce
785 1072 857 1135 nulli
873 1070 906 1133 od
964 1082 965 1087 ’

229 1169 348 1235 penates
360 1172 424 1213 suos
438 1150 491 1212 iter
503 1169 556 1214 est.
575 1146 634 1290 gui
645 1149 671 1210 si
682 1150 774 1212 odius
787 1149 823 1212 de
834 1150 904 1213 Per-

235 1230 309 1292 sidis
318 1250 402 1309 regno
412 1250 471 1290 rum
480 1229 572 1291 Dorio
600 1229 730 1291 imicores
741 1249 755 1301 ;
767 1229 823 1291 etsi
833 1248 906 1291 nemo

235 1307 339 1379 vellet,
362 1327 453 1368 nornen
474 1330 509 1370 ne
529 1307 663 1385 admirari
686 1307 800 1388 quidem
816 1324 906 1390 posses

234 1404 293 1449 tom
303 1406 415 1468 promea
429 1407 491 1447 esse
508 1405 536 1448 te
551 1387 587 1448 od
602 1408 679 1448 omne
690 1386 847 1448 discrimen
858 1408 906 1447 ou·

236 1464 326 1527 doeiae
339 1492 348 1529 .-
362 1487 426 1527 nom
447 1465 493 1525 ubi
512 1468 596 1546 pario
615 1484 680 1527 suno
700 1465 854 1546 periculum
875 1485 906 1526 oe

232 1545 394 1627 proemium,
407 1563 434 1604 et
443 1545 574 1605 secundis
584 1544 664 1606 rebus
675 1544 796 1625 amplior
798 1544 907 1621 fructos

237 1641 303 1695 est,
322 1640 350 1684 et
365 1621 494 1684 aduersis
507 1623 635 1684 solarium
647 1624 749 1702 majus.
767 1624 828 1685 Tuo
843 1642 904 1685 r‘ero

237 1702 327 1783 cupite
342 1701 490 1781 ignobilem
501 1703 590 1762 uicum
601 1703 677 1771 emi,
698 1702 761 1781 quis
767 1701 908 1778 ferornon

236 1796 345 1842 tuorum
366 1780 442 1842 modo
468 1781 609 1850 militum,
637 1779 687 1841 sed
716 1779 802 1841 uilius
827 1782 910 1842 etiam

235 1861 332 1939 gentis
343 1858 464 1920 barbaro
481 1859 574 1928 ciris,
593 1858 638 1938 qui
649 1879 724 1919 tuom
739 1859 911 1939 magnitudi⁴
966 1876 967 1881 ’

237 1958 300 1997 nem
310 1939 410 2000 noris?
429 1936 524 1998 horres
540 1939 649 1999 unimus
665 1959 695 1999 co
715 1938 830 2009 {rosione
842 1937 910 2008 rei,

237 2035 318 2106 quom
341 2015 421 2097 poulo
441 2035 505 2076 onie
526 2017 658 2078 uidimus.
707 2016 780 2094 ioqui
802 2017 910 2087 simeo,

236 2093 336 2156 invicti
356 2096 476 2176 corporis
494 2095 592 2177 spoliis
608 2095 796 2157 inertissimos
811 2117 909 2156 moruus

230 2170 328 2250 fuisse
343 2174 512 2255 iniecturos,
535 2175 593 2236 nisi
611 2193 638 2235 re
657 2175 838 2254 interceptum
856 2174 910 2235 rni-

237 2253 358 2314 sericors
377 2253 407 2315 in
418 2273 467 2312 nos
478 2251 593 2327 forsuno
610 2271 761 2316 servasset.
782 2253 912 2315 Tumens

163 2352 166 2358 ·
234 2329 408 2410 proditores,
425 2331 538 2392 totidem
547 2332 701 2393 desertores
713 2353 832 2403 sumus,
847 2348 912 2409 quot

237 2425 266 2468 te
284 2429 339 2469 non
355 2410 493 2489 potuimus
508 2409 645 2490 persequi.
666 2410 823 2473 Universos
844 2411 912 2472 iicet

236 2485 341 2548 milites
366 2489 520 2568 ignominia
540 2508 642 2559 notes,
667 2510 744 2551 nemo
769 2490 913 2550 recusabis
965 2512 967 2515 ·

239 2562 313 2627 luere
324 2565 354 2626 id
364 2610 375 2636 ‚
391 2566 460 2646 quod
470 2589 505 2628 ne
515 2568 689 2639 admitterer,
726 2587 845 2630 rosrore
855 2591 911 2630 non

236 2644 338 2739 potuit.
352 2643 536 2721 Paterenos,
557 2668 670 2741 φωρ,
718 2647 746 2713 io
757 2646 839 2712 modo
850 2668 913 2713 esso
