1968 3636
301 295 585 378 ttauax:
711 307 789 403 rra.

7 414 9 453 t
101 400 174 459 lteltt
200 398 377 479 opprimendi
404 406 509 468 noxios
536 412 646 475 ineunt.
672 414 771 485 Placet

7 496 9 533 t
102 477 257 539 exercitum
273 481 365 560 patrio
381 502 456 544 more
469 484 593 553 lustrari.
612 490 649 554 Et
664 502 770 574 proba-

7 578 9 611 ι
101 554 167 630 bilis
187 577 271 618 causa
295 559 441 621 videbatur
462 569 600 643 preterita
619 573 770 645 discordia.

7 654 10 691 t
99 632 297 696 Macedonum
312 654 391 732 reges
404 641 443 702 ita
460 643 577 708 lustrare
594 651 669 713 soliti
686 675 768 720 erant

7 736 10 771 t
99 713 227 785 milites,
243 731 274 775 ut
284 715 400 795 disctssae
410 722 489 783 canis
502 723 609 788 viscera
620 732 723 795 ultimo
736 737 768 798 itt

7 816 8 851 r
97 807 228 869 eampo,
249 794 279 853 itt
296 811 383 872 quem
400 797 583 864 deduceretur
599 812 737 874 exercitus
754 836 767 888 ,¹

7 926 8 929 ,
95 871 135 929 ab
145 890 262 949 utraque
274 873 460 948 abjicerentur
471 899 550 955 parte
560 907 568 943 r
581 883 652 948 intra
663 889 691 949 id
702 913 767 970 spa-

95 946 170 1009 tium
182 951 284 1011 armati
300 972 399 1014 omnes
410 976 533 1029 starent,
552 960 620 1025 hinc
634 970 765 1045 equites,

7 1058 8 1073 r
94 1025 179 1088 illine
194 1027 329 1107 phalanx.
344 1032 441 1110 Itaque
456 1056 493 1097 eo
508 1038 574 1110 die,
595 1063 681 1120 quem
697 1047 766 1112 huis

90 1122 179 1166 sacto
205 1108 432 1182 destinaverant,
462 1135 511 1176 rex
535 1139 602 1181 cum
626 1125 766 1200 equitibus

91 1184 307 1264 elephantisque
326 1192 489 1254 constiterat
511 1216 611 1259 eontra
633 1204 763 1279 pedites,

91 1264 196 1340 quibus
222 1265 368 1348 Meleager
392 1290 518 1348 praerat.
541 1277 609 1343 Jam
635 1301 765 1360 equestre

90 1359 199 1421 agmen
213 1349 400 1418 movebatur,
421 1368 450 1410 et
462 1352 568 1428 pedites
585 1359 675 1422 subita
696 1363 761 1425 for·
790 1399 797 1428 .-

89 1421 201 1481 midine
212 1425 250 1482 ob
260 1441 403 1487 recentem
413 1429 683 1505 discordiam,ltaud
694 1462 763 1505 sane

87 1500 187 1576 pacati
204 1501 357 1579 quidquam
378 1524 589 1583 exspectantes,
610 1518 763 1599 parumper

86 1577 305 1649 addubitavere,
322 1601 358 1641 art
371 1582 402 1643 in
416 1584 508 1647 urbem
517 1588 697 1656 subducerent
710 1618 764 1663 co·.

82 1655 153 1734 pias
166 1658 292 1735 :quippe
311 1678 365 1736 pro
383 1665 522 1740 equitibus
537 1670 667 1745 planities
687 1695 761 1739 etan·

86 1733 228 1796 Ceterum
239 1738 340 1807 veriti,
360 1760 397 1802 ne
407 1759 514 1806 temere
526 1751 760 1818 commilitonum

85 1812 177 1874 fidem
200 1813 394 1888 damnarent„
412 1822 579 1895 substitere,
600 1835 760 1909 preparatis

84 1892 122 1953 ad
138 1892 332 1955 dimicandum
343 1898 464 1968 animis,
479 1902 503 1961 si
517 1905 579 1981 quis
593 1907 652 1968 vim
667 1910 760 1974 infer·

82 1967 139 2033 ret.
156 1971 224 2036 Jam
239 1974 353 2053 agmina
365 1975 500 2051 coibant,
519 2001 694 2064 parvumque
708 1992 756 2051 in-

82 2050 241 2111 tervallum
258 2069 337 2123 erat,
360 2057 435 2132 quod
445 2058 538 2120 aciein
548 2079 697 2142 utramque
713 2071 759 2130 di-

81 2129 206 2191 videret.
221 2129 319 2207 ltaque
331 2152 380 2192 rex
390 2153 455 2194 cum
468 2157 524 2197 una
536 2141 581 2200 ala
592 2144 758 2222 obequitare

79 2207 224 2286 peditibus
234 2210 340 2285 coepit,
360 2207 507 2275 discordia
519 2235 664 2292 auctores,
686 2245 759 2303 quos

81 2286 159 2351 tueri
175 2285 234 2362 ipse
250 2287 392 2359 debebat,
413 2291 546 2371 instinctu
562 2297 700 2364 Perdiccae
718 2303 756 2366 ad

80 2360 224 2444 supplicia
235 2365 387 2444 deposcens
399 2392 408 2428 :
420 2370 649 2454 minabaturque,
663 2402 757 2445 omues

79 2459 193 2504 turmas
202 2460 262 2504 tum
277 2443 429 2526 elephantis
444 2447 615 2514 inducturum
625 2476 656 2519 se
668 2459 698 2520 irt
709 2483 758 2523 re·
797 2519 800 2525 .

80 2529 229 2582 tutantes.
243 2523 398 2603 Stupebant
412 2527 569 2606 improviso
582 2538 660 2597 malo
673 2541 754 2616 pedi·

79 2615 127 2661 tes
146 2621 157 2658 s
175 2617 230 2660 nec
246 2603 308 2679 plus
327 2605 356 2663 itt
377 2606 440 2683 ipso
460 2610 607 2692 Meleagro
627 2636 686 2677 erat
705 2637 755 2682 aut

77 2677 223 2754 tunuli,
243 2696 292 2748 aut
307 2684 408 2756 animi.
425 2684 612 2752 Tutissimum
628 2714 664 2755 ex
679 2718 755 2779 prae·

555 2790 659 2860 Aua
