<?xml version="1.0" encoding="UTF-8"?>
<!DOCTYPE html PUBLIC "-//W3C//DTD XHTML 1.0 Transitional//EN"
    "http://www.w3.org/TR/xhtml1/DTD/xhtml1-transitional.dtd">
<html xmlns="http://www.w3.org/1999/xhtml" xml:lang="en" lang="en">
 <head>
  <title>
</title>
<meta http-equiv="Content-Type" content="text/html;charset=utf-8" />
  <meta name='ocr-system' content='tesseract 3.04.00' />
  <meta name='ocr-capabilities' content='ocr_page ocr_carea ocr_par ocr_line ocrx_word'/>
</head>
<body>
  <div class='ocr_page' id='page_1' title='image "./qcurtiirufidere03rufugoog_0059.png"; bbox 0 0 2002 3636; ppageno 0'>
   <div class='ocr_carea' id='block_1_1' title="bbox 257 288 834 349">
    <p class='ocr_par' dir='ltr' id='par_1_1' title="bbox 257 288 834 349">
     <span class='ocr_line' id='line_1_1' title="bbox 257 288 834 349; baseline -0.002 -2"><span class='ocrx_word' id='word_1_1' title='bbox 257 300 292 349; x_wconf 75' lang='lat'><em>&#39;36</em></span> <span class='ocrx_word' id='word_1_2' title='bbox 358 292 384 343; x_wconf 82' lang='lat' dir='ltr'><em>J.</em></span> <span class='ocrx_word' id='word_1_3' title='bbox 420 293 611 344; x_wconf 66' lang='lat' dir='ltr'><em>turturis.</em></span> <span class='ocrx_word' id='word_1_4' title='bbox 645 288 834 346; x_wconf 74' lang='lat' dir='ltr'><em>SUPPLEM,</em></span> 
     </span>
    </p>
   </div>
   <div class='ocr_carea' id='block_1_2' title="bbox 220 379 936 2798">
    <p class='ocr_par' dir='ltr' id='par_1_2' title="bbox 256 379 936 582">
     <span class='ocr_line' id='line_1_2' title="bbox 256 379 936 446; baseline 0.004 -17"><span class='ocrx_word' id='word_1_5' title='bbox 256 381 312 446; x_wconf 84' lang='lat' dir='ltr'><em>pito</em></span> <span class='ocrx_word' id='word_1_6' title='bbox 328 379 445 430; x_wconf 77' lang='lat' dir='ltr'><em>instituto</em></span> <span class='ocrx_word' id='word_1_7' title='bbox 459 383 532 441; x_wconf 75' lang='lat' dir='ltr'><em>ejus,</em></span> <span class='ocrx_word' id='word_1_8' title='bbox 554 382 614 446; x_wconf 64' lang='lat' dir='ltr'><em>quod</em></span> <span class='ocrx_word' id='word_1_9' title='bbox 629 380 815 432; x_wconf 77' lang='lat' dir='ltr'><em>benevolentiam</em></span> <span class='ocrx_word' id='word_1_10' title='bbox 828 381 936 432; x_wconf 77' lang='lat' dir='ltr'><em>audem</em></span> 
     </span>
     <span class='ocr_line' id='line_1_3' title="bbox 256 448 931 527; baseline 0 -29"><span class='ocrx_word' id='word_1_11' title='bbox 256 464 350 513; x_wconf 72' lang='lat' dir='ltr'><em>speum</em></span> <span class='ocrx_word' id='word_1_12' title='bbox 359 448 545 526; x_wconf 75' lang='lat' dir='ltr'><em>abdominibus,</em></span> <span class='ocrx_word' id='word_1_13' title='bbox 555 465 613 513; x_wconf 80' lang='lat' dir='ltr'><em>quos</em></span> <span class='ocrx_word' id='word_1_14' title='bbox 622 448 759 499; x_wconf 82' lang='lat' dir='ltr'><em>muneribus</em></span> <span class='ocrx_word' id='word_1_15' title='bbox 769 450 931 527; x_wconf 73' lang='lat' dir='ltr'><em>corrupisset·</em></span> 
     </span>
     <span class='ocr_line' id='line_1_4' title="bbox 256 514 932 590; baseline -0.005 -24"><span class='ocrx_word' id='word_1_16' title='bbox 256 516 339 572; x_wconf 83' lang='lat' dir='ltr'><em>Falli,</em></span> <span class='ocrx_word' id='word_1_17' title='bbox 357 515 397 580; x_wconf 83' lang='lat' dir='ltr'><em>qui</em></span> <span class='ocrx_word' id='word_1_18' title='bbox 411 516 506 582; x_wconf 84' lang='lat' dir='ltr'><em>regium</em></span> <span class='ocrx_word' id='word_1_19' title='bbox 518 514 543 563; x_wconf 91' lang='lat' dir='ltr'><em>id</em></span> <span class='ocrx_word' id='word_1_20' title='bbox 553 526 671 580; x_wconf 82' lang='lat' dir='ltr'><em>putaret·</em></span> <span class='ocrx_word' id='word_1_21' title='bbox 681 516 791 590; x_wconf 82' lang='lat' dir='ltr'><em>ministri</em></span> <span class='ocrx_word' id='word_1_22' title='bbox 804 529 828 566; x_wconf 96' lang='lat' dir='ltr'><em>et</em></span> <span class='ocrx_word' id='word_1_23' title='bbox 836 514 932 564; x_wconf 84' lang='lat' dir='ltr'><em>diridi-</em></span> 
     </span>
    </p>

    <p class='ocr_par' dir='ltr' id='par_1_3' title="bbox 256 578 935 1049">
     <span class='ocr_line' id='line_1_5' title="bbox 258 578 935 657; baseline -0.001 -26"><span class='ocrx_word' id='word_1_24' title='bbox 258 581 319 632; x_wconf 80' lang='lat' dir='ltr'><em>torir</em></span> <span class='ocrx_word' id='word_1_25' title='bbox 330 582 430 644; x_wconf 86' lang='lat' dir='ltr'><em>offitium</em></span> <span class='ocrx_word' id='word_1_26' title='bbox 441 599 499 632; x_wconf 84' lang='lat' dir='ltr'><em>esre.</em></span> <span class='ocrx_word' id='word_1_27' title='bbox 516 580 608 630; x_wconf 81' lang='lat' dir='ltr'><em>Verum</em></span> <span class='ocrx_word' id='word_1_28' title='bbox 623 596 679 629; x_wconf 87' lang='lat' dir='ltr'><em>cum</em></span> <span class='ocrx_word' id='word_1_29' title='bbox 693 578 745 644; x_wconf 87' lang='lat' dir='ltr'><em>ipse</em></span> <span class='ocrx_word' id='word_1_30' title='bbox 774 582 864 657; x_wconf 78' lang='lat' dir='ltr'><em>eeuniae</em></span> <span class='ocrx_word' id='word_1_31' title='bbox 878 597 935 631; x_wconf 70' lang='lat' dir='ltr'><em>om-</em></span> 
     </span>
     <span class='ocr_line' id='line_1_6' title="bbox 257 645 934 724; baseline -0.003 -26"><span class='ocrx_word' id='word_1_32' title='bbox 257 649 299 698; x_wconf 89' lang='lat' dir='ltr'><em>nia</em></span> <span class='ocrx_word' id='word_1_33' title='bbox 306 648 480 724; x_wconf 79' lang='lat' dir='ltr'><em>penetrabilia</em></span> <span class='ocrx_word' id='word_1_34' title='bbox 473 661 594 709; x_wconf 70' lang='lat' dir='ltr'><em>jactaret,</em></span> <span class='ocrx_word' id='word_1_35' title='bbox 610 662 685 711; x_wconf 87' lang='lat' dir='ltr'><em>eaque</em></span> <span class='ocrx_word' id='word_1_36' title='bbox 699 648 747 697; x_wconf 88' lang='lat' dir='ltr'><em>hau</em></span> <span class='ocrx_word' id='word_1_37' title='bbox 773 645 852 698; x_wconf 86' lang='lat' dir='ltr'><em>minus</em></span> <span class='ocrx_word' id='word_1_38' title='bbox 863 663 934 710; x_wconf 72' lang='lat' dir='ltr'><em>sepe</em></span> 
     </span>
     <span class='ocr_line' id='line_1_7' title="bbox 258 712 935 790; baseline 0.004 -29"><span class='ocrx_word' id='word_1_39' title='bbox 258 728 330 790; x_wconf 85' lang='lat' dir='ltr'><em>quarn</em></span> <span class='ocrx_word' id='word_1_40' title='bbox 340 715 411 764; x_wconf 82' lang='lat' dir='ltr'><em>armis</em></span> <span class='ocrx_word' id='word_1_41' title='bbox 425 728 553 772; x_wconf 80' lang='lat' dir='ltr'><em>uteretnr3</em></span> <span class='ocrx_word' id='word_1_42' title='bbox 568 729 619 763; x_wconf 88' lang='lat' dir='ltr'><em>non</em></span> <span class='ocrx_word' id='word_1_43' title='bbox 631 729 755 765; x_wconf 83' lang='lat' dir='ltr'><em>tamreeta</em></span> <span class='ocrx_word' id='word_1_44' title='bbox 769 712 935 778; x_wconf 66' lang='lat' dir='ltr'><em>preripiendi</em></span> 
     </span>
     <span class='ocr_line' id='line_1_8' title="bbox 257 779 934 846; baseline 0 -16"><span class='ocrx_word' id='word_1_45' title='bbox 257 779 364 831; x_wconf 90' lang='lat' dir='ltr'><em>studio&#39;</em></span> <span class='ocrx_word' id='word_1_46' title='bbox 358 797 394 832; x_wconf 81' lang='lat' dir='ltr'><em>sta</em></span> <span class='ocrx_word' id='word_1_47' title='bbox 410 781 535 845; x_wconf 79' lang='lat' dir='ltr'>scripsisse</span> <span class='ocrx_word' id='word_1_48' title='bbox 548 780 615 831; x_wconf 82' lang='lat' dir='ltr'><em>visus</em></span> <span class='ocrx_word' id='word_1_49' title='bbox 631 795 687 839; x_wconf 88' lang='lat' dir='ltr'><em>est,</em></span> <span class='ocrx_word' id='word_1_50' title='bbox 704 799 777 846; x_wconf 86' lang='lat' dir='ltr'><em>quam</em></span> <span class='ocrx_word' id='word_1_51' title='bbox 791 795 878 840; x_wconf 85' lang='lat' dir='ltr'><em>metu,</em></span> <span class='ocrx_word' id='word_1_52' title='bbox 895 796 934 830; x_wconf 73' lang='lat' dir='ltr'><em>ne</em></span> 
     </span>
     <span class='ocr_line' id='line_1_9' title="bbox 256 848 935 915; baseline -0.003 -16"><span class='ocrx_word' id='word_1_53' title='bbox 256 850 288 899; x_wconf 82' lang='lat' dir='ltr'><em>rb</em></span> <span class='ocrx_word' id='word_1_54' title='bbox 305 849 460 899; x_wconf 81' lang='lat' dir='ltr'><em>adolescente</em></span> <span class='ocrx_word' id='word_1_55' title='bbox 477 849 531 899; x_wconf 84' lang='lat' dir='ltr'><em>filio</em></span> <span class='ocrx_word' id='word_1_56' title='bbox 547 848 598 898; x_wconf 88' lang='lat' dir='ltr'><em>suis</em></span> <span class='ocrx_word' id='word_1_57' title='bbox 619 848 710 899; x_wconf 85' lang='lat' dir='ltr'><em>artibus</em></span> <span class='ocrx_word' id='word_1_58' title='bbox 732 860 935 915; x_wconf 82' lang='lat' dir='ltr'><em>oppugnaretur.</em></span> 
     </span>
     <span class='ocr_line' id='line_1_10' title="bbox 257 915 935 982; baseline -0.004 -15"><span class='ocrx_word' id='word_1_59' title='bbox 257 919 326 967; x_wconf 88' lang='lat' dir='ltr'><em>ldem</em></span> <span class='ocrx_word' id='word_1_60' title='bbox 337 916 668 982; x_wconf 83' lang='lat' dir='ltr'><em>obiurgavitAlexandrum‚</em></span> <span class='ocrx_word' id='word_1_61' title='bbox 689 918 756 980; x_wconf 85' lang='lat' dir='ltr'><em>qnod</em></span> <span class='ocrx_word' id='word_1_62' title='bbox 766 916 890 966; x_wconf 86' lang='lat' dir='ltr'><em>Pexodori</em></span> <span class='ocrx_word' id='word_1_63' title='bbox 899 915 935 965; x_wconf 70' lang='lat' dir='ltr'><em>fis.</em></span> 
     </span>
     <span class='ocr_line' id='line_1_11' title="bbox 257 978 933 1067; baseline 0 -33"><span class='ocrx_word' id='word_1_64' title='bbox 257 978 335 1041; x_wconf 85' lang='lat' dir='ltr'><em>liam,</em></span> <span class='ocrx_word' id='word_1_65' title='bbox 353 1002 425 1049; x_wconf 86' lang='lat' dir='ltr'><em>quam</em></span> <span class='ocrx_word' id='word_1_66' title='bbox 439 985 541 1033; x_wconf 76' lang='lat' dir='ltr'><em>Ariden</em></span> <span class='ocrx_word' id='word_1_67' title='bbox 562 983 726 1035; x_wconf 84' lang='lat' dir='ltr'><em>destinaverat</em></span> <span class='ocrx_word' id='word_1_68' title='bbox 739 998 829 1067; x_wconf 82' lang='lat' dir='ltr'><em>patet,</em></span> <span class='ocrx_word' id='word_1_69' title='bbox 845 983 933 1034; x_wconf 85' lang='lat' dir='ltr'><em>ambi-</em></span> 
     </span>
    </p>

    <p class='ocr_par' dir='ltr' id='par_1_4' title="bbox 252 1051 931 1649">
     <span class='ocr_line' id='line_1_12' title="bbox 258 1051 931 1120; baseline 0.003 -19"><span class='ocrx_word' id='word_1_70' title='bbox 258 1051 345 1102; x_wconf 82' lang='lat' dir='ltr'><em>uisset.</em></span> <span class='ocrx_word' id='word_1_71' title='bbox 370 1052 533 1120; x_wconf 80' lang='lat' dir='ltr'><em>Degenerem,</em></span> <span class='ocrx_word' id='word_1_72' title='bbox 550 1067 573 1102; x_wconf 87' lang='lat' dir='ltr'><em>er</em></span> <span class='ocrx_word' id='word_1_73' title='bbox 585 1053 717 1117; x_wconf 72' lang='lat' dir='ltr'><em>fortuna,-</em></span> <span class='ocrx_word' id='word_1_74' title='bbox 736 1053 761 1102; x_wconf 89' lang='lat' dir='ltr'><em>in</em></span> <span class='ocrx_word' id='word_1_75' title='bbox 778 1057 845 1116; x_wconf 82' lang='lat' dir='ltr'><em>euJ&#39;us</em></span> <span class='ocrx_word' id='word_1_76' title='bbox 860 1063 931 1120; x_wconf 74' lang='lat' dir='ltr'><em>spem</em></span> 
     </span>
     <span class='ocr_line' id='line_1_13' title="bbox 259 1087 931 1199; baseline -0.001 -29"><span class='ocrx_word' id='word_1_77' title='bbox 259 1093 420 1176; x_wconf 78' lang='lat' dir='ltr'><em>educaretur,</em></span> <span class='ocrx_word' id='word_1_78' title='bbox 444 1120 570 1186; x_wconf 77' lang='lat' dir='ltr'><em>indignum</em></span> <span class='ocrx_word' id='word_1_79' title='bbox 592 1087 757 1199; x_wconf 72' lang='lat' dir='ltr'><em>appellando,</em></span> <span class='ocrx_word' id='word_1_80' title='bbox 780 1121 931 1185; x_wconf 75' lang='lat' dir='ltr'><em>pulcarem</em></span> 
     </span>
     <span class='ocr_line' id='line_1_14' title="bbox 257 1184 933 1263; baseline 0.001 -27"><span class='ocrx_word' id='word_1_81' title='bbox 257 1184 405 1243; x_wconf 77' lang='lat' dir='ltr'><em>bardarum,</em></span> <span class='ocrx_word' id='word_1_82' title='bbox 425 1185 556 1261; x_wconf 72' lang='lat' dir='ltr'><em>barbaroqu</em></span> <span class='ocrx_word' id='word_1_83' title='bbox 542 1205 569 1239; x_wconf 85' lang='lat' dir='ltr'><em>ue</em></span> <span class='ocrx_word' id='word_1_84' title='bbox 586 1205 648 1263; x_wconf 75' lang='lat' dir='ltr'><em>regi</em></span> <span class='ocrx_word' id='word_1_85' title='bbox 633 1185 800 1251; x_wconf 57' lang='lat' dir='ltr'><em>&#39;subjectum</em></span> <span class='ocrx_word' id='word_1_86' title='bbox 817 1203 933 1238; x_wconf 84' lang='lat' dir='ltr'><em>socerum</em></span> 
     </span>
     <span class='ocr_line' id='line_1_15' title="bbox 259 1251 932 1319; baseline 0.001 -18"><span class='ocrx_word' id='word_1_87' title='bbox 259 1268 360 1319; x_wconf 79' lang='lat' dir='ltr'><em>optarets</em></span> <span class='ocrx_word' id='word_1_88' title='bbox 379 1251 448 1300; x_wconf 85' lang='lat' dir='ltr'><em>Sed</em></span> <span class='ocrx_word' id='word_1_89' title='bbox 441 1268 494 1315; x_wconf 81' lang='lat' dir='ltr'><em>spse</em></span> <span class='ocrx_word' id='word_1_90' title='bbox 509 1268 536 1302; x_wconf 88' lang='lat' dir='ltr'><em>ut</em></span> <span class='ocrx_word' id='word_1_91' title='bbox 552 1252 688 1315; x_wconf 77' lang='lat' dir='ltr'><em>potentiani</em></span> <span class='ocrx_word' id='word_1_92' title='bbox 709 1266 790 1302; x_wconf 75' lang='lat' dir='ltr'><em>suain</em></span> <span class='ocrx_word' id='word_1_93' title='bbox 796 1252 932 1310; x_wconf 86' lang='lat' dir='ltr'><em>firmaret,</em></span> 
     </span>
     <span class='ocr_line' id='line_1_16' title="bbox 257 1318 931 1384; baseline 0.001 -17"><span class='ocrx_word' id='word_1_94' title='bbox 257 1319 350 1369; x_wconf 84' lang='lat' dir='ltr'><em>nullam</em></span> <span class='ocrx_word' id='word_1_95' title='bbox 360 1318 528 1369; x_wconf 83' lang='lat' dir='ltr'><em>conditionem</em></span> <span class='ocrx_word' id='word_1_96' title='bbox 538 1334 677 1382; x_wconf 83' lang='lat' dir='ltr'><em>aspernatus</em></span> <span class='ocrx_word' id='word_1_97' title='bbox 686 1334 754 1376; x_wconf 87' lang='lat' dir='ltr'><em>erat,</em></span> <span class='ocrx_word' id='word_1_98' title='bbox 773 1318 831 1384; x_wconf 86' lang='lat' dir='ltr'><em>quin</em></span> <span class='ocrx_word' id='word_1_99' title='bbox 843 1336 872 1369; x_wconf 86' lang='lat' dir='ltr'><em>ex</em></span> <span class='ocrx_word' id='word_1_100' title='bbox 889 1338 931 1369; x_wconf 76' lang='lat' dir='ltr'><em>as-</em></span> 
     </span>
     <span class='ocr_line' id='line_1_17' title="bbox 257 1383 931 1463; baseline 0.006 -30"><span class='ocrx_word' id='word_1_101' title='bbox 257 1383 364 1463; x_wconf 74' lang='lat' dir='ltr'><em>pessima</em></span> <span class='ocrx_word' id='word_1_102' title='bbox 389 1387 498 1436; x_wconf 86' lang='lat' dir='ltr'><em>barbarie</em></span> <span class='ocrx_word' id='word_1_103' title='bbox 521 1386 615 1452; x_wconf 82' lang='lat' dir='ltr'><em>Illyrias</em></span> <span class='ocrx_word' id='word_1_104' title='bbox 641 1385 787 1451; x_wconf 82' lang='lat' dir='ltr'><em>Geticasque</em></span> <span class='ocrx_word' id='word_1_105' title='bbox 812 1386 931 1437; x_wconf 82' lang='lat' dir='ltr'><em>mulieres</em></span> 
     </span>
     <span class='ocr_line' id='line_1_18' title="bbox 256 1451 929 1519; baseline 0.004 -18"><span class='ocrx_word' id='word_1_106' title='bbox 256 1451 414 1501; x_wconf 84' lang='lat' dir='ltr'><em>matrimonio</em></span> <span class='ocrx_word' id='word_1_107' title='bbox 430 1453 565 1517; x_wconf 74' lang='lat' dir='ltr'><em>jrngeret:</em></span> <span class='ocrx_word' id='word_1_108' title='bbox 581 1469 715 1519; x_wconf 84' lang='lat' dir='ltr'><em>quanquam</em></span> <span class='ocrx_word' id='word_1_109' title='bbox 738 1470 767 1502; x_wconf 86' lang='lat' dir='ltr'><em>ex</em></span> <span class='ocrx_word' id='word_1_110' title='bbox 783 1453 837 1503; x_wconf 88' lang='lat' dir='ltr'><em>aliis</em></span> <span class='ocrx_word' id='word_1_111' title='bbox 851 1453 929 1504; x_wconf 79' lang='lat' dir='ltr'><em>etiam</em></span> 
     </span>
     <span class='ocr_line' id='line_1_19' title="bbox 257 1518 930 1585; baseline 0.001 -15"><span class='ocrx_word' id='word_1_112' title='bbox 257 1518 370 1570; x_wconf 83' lang='lat' dir='ltr'><em>uxoribus</em></span> <span class='ocrx_word' id='word_1_113' title='bbox 388 1522 565 1585; x_wconf 85' lang='lat' dir='ltr'><em>pellicibnsque</em></span> <span class='ocrx_word' id='word_1_114' title='bbox 583 1521 722 1583; x_wconf 77' lang='lat' dir='ltr'><em>complures</em></span> <span class='ocrx_word' id='word_1_115' title='bbox 735 1520 828 1570; x_wconf 88' lang='lat' dir='ltr'><em>liberos</em></span> <span class='ocrx_word' id='word_1_116' title='bbox 845 1536 930 1571; x_wconf 80' lang='lat' dir='ltr'><em>susce·-</em></span> 
     </span>
     <span class='ocr_line' id='line_1_20' title="bbox 252 1586 929 1649; baseline 0.003 -13"><span class='ocrx_word' id='word_1_117' title='bbox 252 1586 341 1649; x_wconf 81' lang='lat' dir='ltr'><em>pisset.</em></span> <span class='ocrx_word' id='word_1_118' title='bbox 360 1589 436 1647; x_wconf 81' lang='lat' dir='ltr'><em>Quod</em></span> <span class='ocrx_word' id='word_1_119' title='bbox 452 1606 508 1638; x_wconf 84' lang='lat' dir='ltr'><em>curn</em></span> <span class='ocrx_word' id='word_1_120' title='bbox 525 1589 668 1638; x_wconf 82' lang='lat' dir='ltr'><em>Alexandro</em></span> <span class='ocrx_word' id='word_1_121' title='bbox 682 1588 813 1637; x_wconf 83' lang='lat' dir='ltr'><em>molestum</em></span> <span class='ocrx_word' id='word_1_122' title='bbox 828 1587 929 1638; x_wconf 82' lang='lat' dir='ltr'><em>aeside·-</em></span> 
     </span>
    </p>

    <p class='ocr_par' dir='ltr' id='par_1_5' title="bbox 255 1653 927 1789">
     <span class='ocr_line' id='line_1_21' title="bbox 255 1653 927 1717; baseline 0.003 -14"><span class='ocrx_word' id='word_1_123' title='bbox 255 1666 314 1711; x_wconf 81' lang='lat' dir='ltr'><em>ret‚</em></span> <span class='ocrx_word' id='word_1_124' title='bbox 331 1655 420 1704; x_wconf 80' lang='lat' dir='ltr'><em>urbane</em></span> <span class='ocrx_word' id='word_1_125' title='bbox 433 1657 614 1705; x_wconf 80' lang='lat' dir='ltr'><em>adolescentem</em></span> <span class='ocrx_word' id='word_1_126' title='bbox 632 1653 772 1717; x_wconf 84' lang='lat' dir='ltr'><em>corripuit3</em></span> <span class='ocrx_word' id='word_1_127' title='bbox 792 1655 927 1715; x_wconf 82' lang='lat' dir='ltr'><em>hortatus,</em></span> 
     </span>
     <span class='ocr_line' id='line_1_22' title="bbox 257 1711 928 1789; baseline 0.002 -18"><span class='ocrx_word' id='word_1_128' title='bbox 257 1737 285 1771; x_wconf 86' lang='lat' dir='ltr'><em>ut</em></span> <span class='ocrx_word' id='word_1_129' title='bbox 298 1723 408 1772; x_wconf 86' lang='lat' dir='ltr'><em>multos&#39;</em></span> <span class='ocrx_word' id='word_1_130' title='bbox 399 1725 491 1788; x_wconf 78' lang='lat' dir='ltr'><em>imperii</em></span> <span class='ocrx_word' id='word_1_131' title='bbox 506 1711 603 1773; x_wconf 78' lang='lat' dir='ltr'><em>amulas</em></span> <span class='ocrx_word' id='word_1_132' title='bbox 613 1722 754 1779; x_wconf 69' lang='lat' dir='ltr'><em>habiturus,</em></span> <span class='ocrx_word' id='word_1_133' title='bbox 772 1739 867 1789; x_wconf 84' lang='lat' dir='ltr'><em>opernm</em></span> <span class='ocrx_word' id='word_1_134' title='bbox 879 1726 928 1774; x_wconf 84' lang='lat' dir='ltr'><em>da-</em></span> 
     </span>
    </p>

    <p class='ocr_par' dir='ltr' id='par_1_6' title="bbox 220 1788 930 2592">
     <span class='ocr_line' id='line_1_23' title="bbox 259 1788 926 1855; baseline 0.004 -18"><span class='ocrx_word' id='word_1_135' title='bbox 259 1797 314 1846; x_wconf 81' lang='lat' dir='ltr'><em>ret,</em></span> <span class='ocrx_word' id='word_1_136' title='bbox 329 1806 373 1854; x_wconf 87' lang='lat' dir='ltr'><em>ruo</em></span> <span class='ocrx_word' id='word_1_137' title='bbox 389 1790 495 1841; x_wconf 79' lang='lat' dir='ltr'><em>omnibus</em></span> <span class='ocrx_word' id='word_1_138' title='bbox 509 1791 593 1841; x_wconf 88' lang='lat' dir='ltr'><em>melior</em></span> <span class='ocrx_word' id='word_1_139' title='bbox 602 1791 819 1855; x_wconf 65' lang='lat' dir='ltr'><em>praestantiorque,</em></span> <span class='ocrx_word' id='word_1_140' title='bbox 835 1807 881 1841; x_wconf 90' lang='lat' dir='ltr'><em>non</em></span> <span class='ocrx_word' id='word_1_141' title='bbox 897 1788 926 1841; x_wconf 75' lang='lat' dir='ltr'><em>ob</em></span> 
     </span>
     <span class='ocr_line' id='line_1_24' title="bbox 255 1826 928 1932; baseline 0.003 -27"><span class='ocrx_word' id='word_1_142' title='bbox 255 1826 394 1932; x_wconf 78' lang='lat' dir='ltr'><em>Philippum</em></span> <span class='ocrx_word' id='word_1_143' title='bbox 400 1873 513 1922; x_wconf 87' lang='lat' dir='ltr'><em>patrem,</em></span> <span class='ocrx_word' id='word_1_144' title='bbox 528 1858 567 1908; x_wconf 84' lang='lat' dir='ltr'><em>red</em></span> <span class='ocrx_word' id='word_1_145' title='bbox 577 1875 606 1908; x_wconf 78' lang='lat' dir='ltr'><em>en</em></span> <span class='ocrx_word' id='word_1_146' title='bbox 613 1873 655 1907; x_wconf 85' lang='lat' dir='ltr'><em>suo</em></span> <span class='ocrx_word' id='word_1_147' title='bbox 665 1857 750 1907; x_wconf 84' lang='lat' dir='ltr'><em>merito</em></span> <span class='ocrx_word' id='word_1_148' title='bbox 761 1872 841 1906; x_wconf 87' lang='lat' dir='ltr'><em>rerum</em></span> <span class='ocrx_word' id='word_1_149' title='bbox 847 1859 928 1924; x_wconf 82' lang='lat' dir='ltr'><em>potiri</em></span> 
     </span>
     <span class='ocr_line' id='line_1_25' title="bbox 255 1921 927 1986; baseline 0.007 -18"><span class='ocrx_word' id='word_1_150' title='bbox 255 1923 389 1972; x_wconf 80' lang='lat' dir='ltr'><em>videretur</em></span> <span class='ocrx_word' id='word_1_151' title='bbox 411 1926 474 1972; x_wconf 83' lang='lat' dir='ltr'><em>Cum</em></span> <span class='ocrx_word' id='word_1_152' title='bbox 489 1938 569 1972; x_wconf 89' lang='lat' dir='ltr'><em>autern</em></span> <span class='ocrx_word' id='word_1_153' title='bbox 583 1922 617 1970; x_wconf 87' lang='lat' dir='ltr'><em>ob</em></span> <span class='ocrx_word' id='word_1_154' title='bbox 632 1922 673 1971; x_wconf 87' lang='lat' dir='ltr'><em>has</em></span> <span class='ocrx_word' id='word_1_155' title='bbox 687 1921 827 1986; x_wconf 84' lang='lat' dir='ltr'><em>similesque</em></span> <span class='ocrx_word' id='word_1_156' title='bbox 841 1938 927 1973; x_wconf 76' lang='lat' dir='ltr'><em>causas</em></span> 
     </span>
     <span class='ocr_line' id='line_1_26' title="bbox 257 1984 930 2053; baseline 0.007 -19"><span class='ocrx_word' id='word_1_157' title='bbox 257 1987 344 2035; x_wconf 82' lang='lat' dir='ltr'><em>crebrae</em></span> <span class='ocrx_word' id='word_1_158' title='bbox 359 1984 516 2038; x_wconf 83' lang='lat' dir='ltr'><em>insiderent</em></span> <span class='ocrx_word' id='word_1_159' title='bbox 509 1987 589 2053; x_wconf 63' lang='lat' dir='ltr'><em>,aegia</em></span> <span class='ocrx_word' id='word_1_160' title='bbox 599 2022 607 2046; x_wconf 90' lang='lat'>‚</span> <span class='ocrx_word' id='word_1_161' title='bbox 617 2003 664 2038; x_wconf 83' lang='lat' dir='ltr'><em>nte</em></span> <span class='ocrx_word' id='word_1_162' title='bbox 675 1988 778 2052; x_wconf 83' lang='lat' dir='ltr'><em>abrupta</em></span> <span class='ocrx_word' id='word_1_163' title='bbox 792 1990 869 2039; x_wconf 84' lang='lat' dir='ltr'><em>semel</em></span> <span class='ocrx_word' id='word_1_164' title='bbox 885 1991 930 2040; x_wconf 65' lang='lat' dir='ltr'><em>bes</em></span> 
     </span>
     <span class='ocr_line' id='line_1_27' title="bbox 220 2054 927 2112; baseline 0.01 -11"><span class='ocrx_word' id='word_1_165' title='bbox 220 2074 222 2079; x_wconf 56' lang='lat'><strong><em>¹</em></strong></span> <span class='ocrx_word' id='word_1_166' title='bbox 255 2069 286 2102; x_wconf 87' lang='lat' dir='ltr'><em>ne</em></span> <span class='ocrx_word' id='word_1_167' title='bbox 288 2055 398 2103; x_wconf 80' lang='lat' dir='ltr'><em>volentia</em></span> <span class='ocrx_word' id='word_1_168' title='bbox 412 2054 462 2104; x_wconf 86' lang='lat' dir='ltr'><em>fido</em></span> <span class='ocrx_word' id='word_1_169' title='bbox 480 2057 568 2105; x_wconf 83' lang='lat' dir='ltr'><em>affectu</em></span> <span class='ocrx_word' id='word_1_170' title='bbox 585 2056 753 2112; x_wconf 79' lang='lat' dir='ltr'><em>coalesceret3</em></span> <span class='ocrx_word' id='word_1_171' title='bbox 771 2057 801 2106; x_wconf 90' lang='lat' dir='ltr'><em>ad</em></span> <span class='ocrx_word' id='word_1_172' title='bbox 816 2062 927 2108; x_wconf 72' lang='lat' dir='ltr'><em>extremo</em></span> 
     </span>
     <span class='ocr_line' id='line_1_28' title="bbox 253 2120 926 2199; baseline 0.006 -30"><span class='ocrx_word' id='word_1_173' title='bbox 253 2120 366 2198; x_wconf 73' lang='lat' dir='ltr'><em>prolapsi</em></span> <span class='ocrx_word' id='word_1_174' title='bbox 381 2137 447 2172; x_wconf 82' lang='lat' dir='ltr'><em>sunt</em></span> <span class='ocrx_word' id='word_1_175' title='bbox 463 2122 587 2187; x_wconf 76' lang='lat' dir='ltr'><em>Prneipua</em></span> <span class='ocrx_word' id='word_1_176' title='bbox 603 2121 759 2199; x_wconf 82' lang='lat' dir='ltr'><em>Olympiadis</em></span> <span class='ocrx_word' id='word_1_177' title='bbox 779 2123 926 2185; x_wconf 83' lang='lat' dir='ltr'><em>violentia,</em></span> 
     </span>
     <span class='ocr_line' id='line_1_29' title="bbox 254 2187 927 2256; baseline 0.007 -19"><span class='ocrx_word' id='word_1_178' title='bbox 254 2187 343 2253; x_wconf 84' lang='lat' dir='ltr'><em>inqua</em></span> <span class='ocrx_word' id='word_1_179' title='bbox 361 2190 541 2241; x_wconf 81' lang='lat' dir='ltr'><em>contumaciam</em></span> <span class='ocrx_word' id='word_1_180' title='bbox 557 2207 627 2240; x_wconf 86' lang='lat' dir='ltr'><em>sexus</em></span> <span class='ocrx_word' id='word_1_181' title='bbox 647 2188 771 2256; x_wconf 81' lang='lat' dir='ltr'><em>ingenium</em></span> <span class='ocrx_word' id='word_1_182' title='bbox 785 2204 882 2241; x_wconf 80' lang='lat' dir='ltr'><em>vastum</em></span> <span class='ocrx_word' id='word_1_183' title='bbox 899 2208 927 2242; x_wconf 84' lang='lat' dir='ltr'><em>et</em></span> 
     </span>
     <span class='ocr_line' id='line_1_30' title="bbox 255 2256 925 2311; baseline 0.009 -6"><span class='ocrx_word' id='word_1_184' title='bbox 255 2256 387 2306; x_wconf 80' lang='lat' dir='ltr'><em>vehemens</em></span> <span class='ocrx_word' id='word_1_185' title='bbox 409 2256 478 2305; x_wconf 89' lang='lat' dir='ltr'><em>virili</em></span> <span class='ocrx_word' id='word_1_186' title='bbox 498 2258 613 2307; x_wconf 83' lang='lat' dir='ltr'><em>scelere</em></span> <span class='ocrx_word' id='word_1_187' title='bbox 606 2273 632 2306; x_wconf 91' lang='grc' dir='ltr'><em>ιιι</em></span> <span class='ocrx_word' id='word_1_188' title='bbox 653 2257 789 2307; x_wconf 84' lang='lat' dir='ltr'><em>vindictam</em></span> <span class='ocrx_word' id='word_1_189' title='bbox 806 2260 925 2311; x_wconf 86' lang='lat' dir='ltr'><em>armabat.</em></span> 
     </span>
     <span class='ocr_line' id='line_1_31' title="bbox 255 2322 928 2383; baseline 0.004 -12"><span class='ocrx_word' id='word_1_190' title='bbox 255 2322 427 2373; x_wconf 66' lang='lat' dir='ltr'><em>stimulaverat</em></span> <span class='ocrx_word' id='word_1_191' title='bbox 448 2340 476 2372; x_wconf 90' lang='lat' dir='ltr'><em>ea</em></span> <span class='ocrx_word' id='word_1_192' title='bbox 491 2329 592 2374; x_wconf 80' lang='lat' dir='ltr'><em>t&#39;rarrem</em></span> <span class='ocrx_word' id='word_1_193' title='bbox 612 2323 801 2383; x_wconf 77' lang='lat' dir='ltr'><em>Alexandrum,</em></span> <span class='ocrx_word' id='word_1_194' title='bbox 821 2342 849 2376; x_wconf 90' lang='lat' dir='ltr'><em>ut</em></span> <span class='ocrx_word' id='word_1_195' title='bbox 865 2325 928 2375; x_wconf 83' lang='lat' dir='ltr'><em>Phi-</em></span> 
     </span>
     <span class='ocr_line' id='line_1_32' title="bbox 255 2389 926 2455; baseline 0.003 -15"><span class='ocrx_word' id='word_1_196' title='bbox 255 2389 326 2452; x_wconf 88' lang='lat' dir='ltr'><em>lippo</em></span> <span class='ocrx_word' id='word_1_197' title='bbox 336 2390 428 2440; x_wconf 84' lang='lat' dir='ltr'><em>bellurn</em></span> <span class='ocrx_word' id='word_1_198' title='bbox 442 2395 544 2441; x_wconf 80' lang='lat' dir='ltr'><em>faceret.</em></span> <span class='ocrx_word' id='word_1_199' title='bbox 559 2393 587 2442; x_wconf 87' lang='lat' dir='ltr'><em>ld</em></span> <span class='ocrx_word' id='word_1_200' title='bbox 598 2407 628 2440; x_wconf 86' lang='lat' dir='ltr'><em>ne</em></span> <span class='ocrx_word' id='word_1_201' title='bbox 637 2391 719 2441; x_wconf 84' lang='lat' dir='ltr'><em>alieno</em></span> <span class='ocrx_word' id='word_1_202' title='bbox 729 2407 841 2455; x_wconf 84' lang='lat' dir='ltr'><em>tempore</em></span> <span class='ocrx_word' id='word_1_203' title='bbox 857 2393 926 2443; x_wconf 80' lang='lat' dir='ltr'><em>exei-</em></span> 
     </span>
     <span class='ocr_line' id='line_1_33' title="bbox 254 2457 926 2524; baseline 0.009 -19"><span class='ocrx_word' id='word_1_204' title='bbox 254 2470 314 2520; x_wconf 85' lang='lat' dir='ltr'><em>pere</em></span> <span class='ocrx_word' id='word_1_205' title='bbox 324 2472 469 2521; x_wconf 84' lang='lat' dir='ltr'><em>cogeretur,</em></span> <span class='ocrx_word' id='word_1_206' title='bbox 488 2457 592 2509; x_wconf 77' lang='lat' dir='ltr'><em>callidus</em></span> <span class='ocrx_word' id='word_1_207' title='bbox 601 2475 659 2517; x_wconf 82' lang='lat' dir='ltr'><em>rex,</em></span> <span class='ocrx_word' id='word_1_208' title='bbox 678 2475 818 2524; x_wconf 83' lang='lat' dir='ltr'><em>quamquam</em></span> <span class='ocrx_word' id='word_1_209' title='bbox 830 2458 926 2511; x_wconf 84' lang='lat' dir='ltr'><em>uiribus</em></span> 
     </span>
     <span class='ocr_line' id='line_1_34' title="bbox 255 2525 926 2592; baseline 0.011 -21"><span class='ocrx_word' id='word_1_210' title='bbox 255 2525 311 2587; x_wconf 88' lang='lat' dir='ltr'><em>plus</em></span> <span class='ocrx_word' id='word_1_211' title='bbox 322 2540 438 2587; x_wconf 80' lang='lat' dir='ltr'><em>poterat,</em></span> <span class='ocrx_word' id='word_1_212' title='bbox 459 2526 553 2576; x_wconf 80' lang='lat' dir='ltr'><em>firmata</em></span> <span class='ocrx_word' id='word_1_213' title='bbox 562 2543 607 2590; x_wconf 89' lang='lat' dir='ltr'><em>per</em></span> <span class='ocrx_word' id='word_1_214' title='bbox 615 2543 705 2576; x_wconf 86' lang='lat' dir='ltr'><em>novam</em></span> <span class='ocrx_word' id='word_1_215' title='bbox 715 2526 857 2578; x_wconf 84' lang='lat' dir='ltr'><em>affinitatem</em></span> <span class='ocrx_word' id='word_1_216' title='bbox 868 2545 926 2592; x_wconf 81' lang='lat' dir='ltr'><em>gra-</em></span> 
     </span>
    </p>

    <p class='ocr_par' dir='ltr' id='par_1_7' title="bbox 255 2589 926 2670">
     <span class='ocr_line' id='line_1_35' title="bbox 255 2589 926 2670; baseline 0.006 -29"><span class='ocrx_word' id='word_1_217' title='bbox 255 2589 290 2641; x_wconf 86' lang='lat' dir='ltr'><em>tia</em></span> <span class='ocrx_word' id='word_1_218' title='bbox 304 2591 436 2654; x_wconf 76' lang='lat' dir='ltr'><em>prevenire</em></span> <span class='ocrx_word' id='word_1_219' title='bbox 451 2592 563 2650; x_wconf 85' lang='lat' dir='ltr'><em>studuit,</em></span> <span class='ocrx_word' id='word_1_220' title='bbox 581 2594 701 2657; x_wconf 87' lang='lat' dir='ltr'><em>desponsa</em></span> <span class='ocrx_word' id='word_1_221' title='bbox 717 2592 841 2670; x_wconf 79' lang='lat' dir='ltr'><em>Epirotae,</em></span> <span class='ocrx_word' id='word_1_222' title='bbox 860 2596 926 2646; x_wconf 84' lang='lat' dir='ltr'><em>Ale·</em></span> 
     </span>
    </p>

    <p class='ocr_par' dir='ltr' id='par_1_8' title="bbox 253 2658 929 2798">
     <span class='ocr_line' id='line_1_36' title="bbox 253 2658 926 2736; baseline 0.006 -28"><span class='ocrx_word' id='word_1_223' title='bbox 253 2658 339 2708; x_wconf 84' lang='lat' dir='ltr'><em>xandri</em></span> <span class='ocrx_word' id='word_1_224' title='bbox 361 2675 490 2723; x_wconf 83' lang='lat' dir='ltr'><em>germana,</em></span> <span class='ocrx_word' id='word_1_225' title='bbox 511 2661 656 2736; x_wconf 87' lang='lat' dir='ltr'><em>Cleopatra.</em></span> <span class='ocrx_word' id='word_1_226' title='bbox 676 2659 751 2710; x_wconf 83' lang='lat' dir='ltr'><em>Ad&#39;</em></span> <span class='ocrx_word' id='word_1_227' title='bbox 743 2675 802 2712; x_wconf 80' lang='lat' dir='ltr'><em>istas</em></span> <span class='ocrx_word' id='word_1_228' title='bbox 825 2664 926 2725; x_wconf 81' lang='lat' dir='ltr'><em>nuptias</em></span> 
     </span>
     <span class='ocr_line' id='line_1_37' title="bbox 254 2725 929 2798; baseline 0.012 -22"><span class='ocrx_word' id='word_1_229' title='bbox 254 2725 410 2780; x_wconf 79' lang='lat' dir='ltr'><em>celebrandas</em></span> <span class='ocrx_word' id='word_1_230' title='bbox 420 2725 578 2780; x_wconf 73' lang='lat' dir='ltr'><em>finitimarum</em></span> <span class='ocrx_word' id='word_1_231' title='bbox 589 2727 702 2796; x_wconf 75' lang='lat' dir='ltr'><em>gestium</em></span> <span class='ocrx_word' id='word_1_232' title='bbox 711 2728 811 2798; x_wconf 78' lang='lat' dir='ltr'><em>reguli,</em></span> <span class='ocrx_word' id='word_1_233' title='bbox 828 2731 929 2787; x_wconf 64' lang='lat' dir='ltr'><em>ereas</em></span> 
     </span>
    </p>
   </div>
   <div class='ocr_carea' id='block_1_3' title="bbox 0 0 1006 3636">
    <p class='ocr_par' dir='ltr' id='par_1_9' title="bbox 0 0 1006 3636">
     <span class='ocr_line' id='line_1_38' title="bbox 0 0 1006 3636; baseline 0 0"><span class='ocrx_word' id='word_1_234' title='bbox 0 0 1006 3636; x_wconf 95' lang='lat' dir='ltr'><em> </em></span> 
     </span>
    </p>
   </div>
  </div>
 </body>
</html>
