1994 3632
273 291 327 350 180
447 286 496 367 Qu
532 280 770 351 CURTH
860 350 874 375 ‚
974 278 975 335 i

268 387 493 449 norninetantum
504 400 604 457 notes]
625 402 782 467 ceterasque
788 401 897 468 gentes
910 384 950 449 ed

270 466 425 528 Caucasum
440 483 467 527 et
484 467 602 529 Tanaim
615 468 817 547 pertinentes?
831 465 943 528 Senes·

268 544 944 626 tendumfotetnnrumtetrarumueisineproeiio
975 586 976 589 =

269 624 388 688 obeunti.
401 622 439 685 Se
449 639 511 686 uero
524 626 559 685 ati
571 627 658 707 ipsum
669 646 765 687 vocate
778 624 944 700 desineret:

267 725 383 781 numque
402 704 479 764 iliius
499 706 586 765 exitio
605 726 667 765 esse
685 721 840 765 venturum,
862 706 941 765 Ate-

267 786 374 844 xander
385 786 418 844 iis
433 786 508 855 illis,
526 788 573 864 qui
583 787 676 845 literas
690 787 862 851 attulerant,
881 802 940 844 res·

268 864 388 942 pondit3
412 862 533 926 Durium
554 862 608 923 sibi
634 861 729 922 alienu
746 861 907 941 promittere
927 888 937 921 .·

268 941 339 1020 putei
348 959 432 1003 totum
442 942 567 1003 amiserit
575 984 585 1011 ‚
593 940 665 1003 velle
674 940 784 1017 partiri.
795 928 869 1000 Doti
881 939 936 999 siti

268 1019 330 1081 dari
342 1018 481 1101 Lydiam,
499 1020 627 1089 Ionium,
641 1018 783 1082 AEoiidem
793 1058 807 1088 s
818 1018 933 1080 Helles·

264 1100 343 1181 ponti
364 1121 460 1169 oram,
483 1101 605 1161 victorin
624 1122 682 1160 suae
699 1099 822 1178 premia.
842 1095 935 1178 Leges

267 1197 357 1237 eutem
370 1200 386 1238 α
398 1179 547 1240 uictoribus
557 1178 638 1251 dicis
652 1177 742 1257 accipi
758 1177 883 1240 amictis.
901 1174 934 1236 ia

265 1275 325 1316 terro
334 1274 411 1317 statu
422 1257 499 1318 umbo
512 1275 625 1328 essent,
639 1259 666 1318 si
682 1257 758 1317 suits
770 1256 780 1314 i
801 1273 935 1326 notaret,

264 1336 460 1415 quamprimum
470 1336 565 1398 Marte
576 1336 745 1398 decerneret.
785 1354 800 1394 e
811 1354 933 1415 quoque,

265 1433 325 1473 eum
345 1415 493 1475 transisset
514 1432 610 1485 mare,
632 1437 685 1475 non
705 1413 863 1485 Ciliciam,
886 1431 934 1474 aut

265 1490 382 1574 Lydium
402 1501 416 1569 (
432 1494 528 1576 quippe
544 1495 615 1555 tanti
631 1494 696 1555 belli
715 1494 847 1573 exiguam
864 1490 934 1553 hant

265 1592 328 1632 esse
337 1573 487 1634 mercedem
496 1574 571 1645 >sed
583 1571 755 1652 Persepolim
765 1588 847 1653 rapuit
856 1570 934 1652 regni

264 1653 327 1729 ejus
337 1694 348 1721 ,
361 1652 467 1713 Bactra
477 1651 576 1713 deinde
587 1692 597 1721 ‚
609 1669 637 1712 et
647 1651 812 1720 Ecbatana,
827 1648 933 1710 ultimi-

265 1749 316 1807 pue
332 1729 458 1791 Orientis
475 1751 552 1792 oram
566 1732 681 1811 irnperio
698 1751 747 1791 sus
763 1729 933 1791 destinasse.

266 1804 441 1890 Quocumque
451 1807 605 1890 iiiefugere
613 1809 766 1891 potuisset,
782 1808 875 1887 ipsum
885 1830 933 1869 se·

264 1888 310 1965 qui
329 1910 411 1968 posse
432 1916 442 1948 .·
462 1887 600 1949 desineret
619 1907 723 1950 terrere
733 1886 933 1968 fluminibus,

247 1973 341 2042 'quem
358 1967 443 2026 sciret
458 1966 545 2027 maria
558 1968 708 2030 transisset
716 1970 808 2049 Reges
819 1968 933 2045 quidem

261 2043 389 2106 invicem
399 2044 458 2107 httc
467 2048 642 2124 scripserant.
652 2047 705 2107 Sed
716 2046 823 2107 Rhodii
832 2049 933 2108 urbem

263 2144 344 2184 suam
363 2142 514 2204 portusque
527 2126 664 2187 dedebant
681 2127 861 2187 Alexandro.
882 2127 933 2188 llle

264 2202 399 2264 Ciliciam
410 2204 933 2286 Socraritradiderat:Philoturegioni

264 2279 342 2341 circu
354 2282 452 2362 Tyrum
465 2285 539 2361 jusso
547 2283 713 2362 presideret
725 2286 835 2363 Syriam
845 2324 856 2352 ,
874 2305 933 2362 qut!

264 2355 340 2419 Cule
355 2362 533 2439 appellatur,
556 2362 760 2424 Andromacho
777 2364 932 2424 Parmenio

260 2438 431 2508 tradiderat,
454 2443 532 2502 bello
553 2442 630 2519 quod
649 2459 790 2520 supererat
812 2441 933 2504 interfu-

262 2534 351 2577 turus.
379 2519 443 2580 Rex
468 2519 669 2598 Hephaestione
691 2519 836 2581 Pltnnicis
859 2541 934 2581 oram

264 2593 356 2656 classe
369 2597 531 2677 ptaetemeiti
549 2599 644 2671 iusso,
662 2600 696 2659 ad
711 2603 813 2661 urbem
828 2598 934 2661 Gazan

263 2695 332 2740 turn
341 2677 472 2740 omuibus
482 2678 571 2758 sopiit
584 2679 673 2745 veuit.
687 2680 790 2745 lisdem
799 2680 861 2747 ten
873 2680 935 2742 die·
