1962 3632
247 311 303 366 150
424 282 468 364 Q.
507 266 746 348 conrii

243 387 333 457 xire,
352 386 405 448 rati
420 404 517 449 actum
534 406 593 448 esse
610 382 644 446 de
660 379 805 453 dominis,
825 378 858 443 in
879 391 930 444 tad

244 468 430 528 bernaeulum
442 484 557 529 currunt
567 504 578 536 ,
590 463 797 529 vociferantes,
818 460 932 523 adesse

243 565 398 628 supremam
407 545 501 607 horam
511 587 529 615 ,
540 544 691 622 missosque
702 540 750 619 qui
758 538 931 619 occiderent

240 644 352 706 eaptus.
367 627 488 705 Itaque,
509 642 541 685 ut
551 645 612 702 quar
625 643 678 683 nec
689 619 840 699 prohibete
850 642 931 698 pose

245 723 330 776 sent,
352 725 406 766 nee
417 706 565 766 admittere
583 703 739 774 auderent,
755 700 841 759 nullo
860 720 928 761 res·

245 786 443 863 ponso‘dato,
463 785 554 862 tacita
570 783 787 861 opperiebantur
800 778 929 840 victoris

241 865 405 928 arbitrium.
420 863 583 926 Leonnatus
598 879 751 939 expectato
764 859 811 919 diu
822 859 876 936 qui
896 879 930 921 se

245 942 448 1006 intromitteret
456 986 465 1013 ,
473 963 657 1022 posteaquam
666 960 752 1001 nemo
763 939 929 1017 procedere

247 1023 388 1096 audebat;
408 1025 511 1083 relictis
526 1022 711 1082 investibulo
727 1017 926 1088 satellitibus,

247 1104 333 1161 intrat
349 1104 378 1174 in
394 1102 620 1163 tabernaculum.
632 1100 673 1159 Ea
690 1102 750 1177 ipsa
763 1116 807 1157 res
823 1099 928 1159 turba·

246 1197 326 1242 verat
341 1180 480 1248 feminas,
502 1181 578 1258 quod
593 1180 721 1256 irrupisse
735 1198 794 1237 non
813 1176 927 1237 adrnir-

247 1282 294 1331 sus
304 1258 461 1322 videbatur.
471 1260 569 1337 Itaque
579 1277 670 1319 mater
683 1277 711 1320 er
725 1256 834 1335 conjux
849 1277 927 1334 pro·

246 1338 353 1401 volutae
376 1339 412 1398 ad
434 1338 543 1416 pedes,
568 1360 648 1399 orare
668 1352 839 1416 coeperunt3
862 1353 926 1405 ur,

243 1418 403 1498 priusquam
415 1414 651 1494 interficeremur,
668 1415 755 1478 Darii
766 1434 864 1494 corpus
877 1415 926 1494 ip·

247 1495 389 1577 rispurrio
400 1517 472 1556 more
481 1495 598 1576 sepelire
605 1496 778 1576 permitteret
789 1491 931 1569 :functus

248 1596 372 1656 supremo
389 1575 420 1636 irr
434 1591 526 1656 regem
544 1572 635 1655 officie
650 1596 681 1635 re
700 1572 816 1652 impigre
834 1572 927 1632 mori·

248 1673 336 1715 rurus.
357 1653 541 1724 Leonnatus,
563 1672 591 1715 et
612 1653 705 1715 viuere
725 1651 870 1720 Darium,
897 1666 927 1712 et

245 1732 324 1814 ipsas
339 1753 393 1793 non
406 1732 557 1794 incolumes
578 1731 678 1802 modo,
698 1731 748 1792 sed
767 1730 853 1790 etiam
872 1752 926 1812 ap·

242 1812 483 1951 pararugristinae
496 1810 617 1890 fomunoe
628 1811 740 1892 reginas
751 1806 828 1886 fore.
842 1810 926 1873 Tnnr

245 1909 338 1953 mater
378 1893 430 1953 arii
441 1893 559 1955 allevari
577 1913 703 1971 se'passa
722 1908 774 1953 est.
789 1890 926 1951 Alexan·

246 1969 297 2029 der
306 1986 419 2046 postera
428 1971 473 2032 die
483 1993 549 2032 curn
560 1993 627 2032 cura
638 1971 755 2050 sepultis
762 1969 923 2040 militibus,

245 2068 370 2126 quorum
380 2070 501 2128 corpora
512 2051 677 2125 invenetar;
694 2047 844 2109 Persarum
855 2069 925 2127 quo-

246 2147 298 2206 que
322 2126 507 2190 nobilissimis
531 2129 653 2190 eumdem
678 2127 806 2189 honorem
826 2125 924 2188 haberi

247 2207 346 2285 jubet,
368 2209 499 2288 matrique
510 2207 597 2271 Darii
613 2207 754 2290 permitti,
775 2227 843 2288 quos
860 2205 924 2268 uel·

247 2284 288 2345 let
298 2325 308 2354 ,
315 2285 407 2365 patrio
420 2307 492 2348 more
504 2286 643 2365 sepeliret.
659 2288 713 2348 Ilia
724 2302 833 2366 paucos
844 2305 924 2348 arcta

247 2363 459 2443 propinquitate
471 2367 661 2446 conjunctos,
676 2386 725 2447 pro
743 2363 840 2427 habirit
848 2387 925 2446 prae·

248 2443 339 2502 sentis
353 2441 478 2521 fortuitu
501 2444 607 2506 humari
628 2447 735 2528 jussit3
759 2462 924 2526 suparatum

242 2518 394 2598 funerum,
416 2545 466 2603 quo
477 2523 573 2586 Persae
590 2545 714 2606 suprema
732 2464 827 2604 offiFtiu
844 2522 922 2585 teie-

249 2599 378 2689 brarent,
399 2601 637 2679 invidiosumfore
649 2604 816 2666 existimans
828 2644 840 2674 ,
860 2623 924 2663 eum

247 2696 368 2769 restores
378 2679 451 2745 iaud
459 2681 580 2769 pretiose
592 2702 785 2748 cremarentur.
796 2684 923 2762 Jamque
