1994 3632
217 236 420 300 LIBER
467 235 543 303 IV.‘
666 252 723 322 193'

57 338 198 407 forenna,
222 360 299 417 quos
318 337 370 401 uni
387 337 439 399 sibi
458 337 570 399 credere
590 338 721 423 coegit,

58 442 147 500 magna
157 441 195 480 ex
205 436 289 496 parte
297 418 399 481 avidos
409 417 505 499 gloriae
515 419 622 499 magis,
633 441 722 499 quam

58 519 160 576 capaces
177 498 266 565 facit.
289 497 373 561 lovis
396 499 479 579 igitur
492 494 588 575 filium
607 520 636 561 se
658 520 722 564 non

59 581 137 639 solum
152 577 298 656 appellari
314 598 410 655 passus
422 593 463 636 est
474 596 484 647 3
508 575 554 637 sed
567 575 654 641 etiam
664 580 721 659 jus-

60 658 102 717 rit:
112 677 267 734 rerumque
278 673 421 736 gestarum
431 656 541 715 famam
553 695 564 725 ,
584 657 652 719 dum
663 681 718 720 au-

58 757 111 814 gere
120 739 185 798 vult
199 737 254 796 tali
268 736 482 813 appellatione,
503 739 672 814 corrumpit.
683 736 722 803 Et

60 817 353 884 Macedones‚assueti
361 814 476 892 quidem
487 814 569 894 regio
579 815 720 894 imperio,

59 896 214 974 tedmajore
229 895 366 957 libertatis
376 896 497 959 umbra,
517 913 604 968 quam
622 912 720 956 ceterae

59 992 166 1054 gentes,
186 973 435 1034 immortalitatem
452 967 633 1034 affectantem
650 994 723 1035 con·

60 1055 208 1122 unacurt,
228 1074 315 1131 quarn
329 1052 452 1130 autipsis
463 1052 650 1127 expediebat,
670 1069 721 1115 aut

59 1133 127 1213 regi,
151 1132 274 1197 aversati
287 1150 364 1194 eunt.
383 1132 437 1193 Sed
455 1128 515 1189 hae
533 1153 584 1192 suo
602 1151 718 1211 quaque

59 1214 169 1291 tempori
185 1229 375 1275 reserventur.
395 1211 483 1273 Nunc
502 1227 595 1274 cetera
614 1211 718 1291 exequi

114 1314 171 1355 am·

118 1393 172 1435 rr.
192 1370 297 1434 VIII.
313 1369 475 1434 Alexander
492 1373 528 1433 ab
547 1371 715 1434 Hammone

58 1450 172 1521 edem,
189 1467 223 1511 ut
237 1472 254 1510 a
265 1450 339 1511 mari
350 1452 384 1511 ad
396 1452 550 1513 Mareotim
560 1452 692 1530 paludem
703 1493 715 1521 ‚

59 1526 120 1590 lund
137 1531 243 1609 procul
259 1529 351 1591 insula
369 1531 462 1592 Pharo
483 1530 587 1601 sitam,
610 1531 716 1602 venitt

58 1612 254 1689 contemplatus
276 1608 335 1669 loci
356 1627 515 1678 naturam,
541 1611 665 1688 primum
684 1609 715 1671 in

58 1686 206 1764 ipoinsula
215 1705 349 1750 statuerat
357 1693 457 1753 urbem
466 1709 573 1755 novam
581 1690 716 1761 condere.

58 1765 133 1840 lude,
156 1788 188 1832 ut
206 1767 356 1846 apparuit,
378 1790 489 1850 magnae
507 1768 577 1829 sedis
592 1768 716 1831 insulam

59 1844 119 1908 luud
139 1868 302 1929 capacem3
319 1849 412 1928 elegit
430 1848 494 1910 urbi
517 1848 637 1916 locum,
665 1844 718 1907 ubi

58 1944 122 1998 nunc
136 1947 178 1990 est
195 1926 392 1997 Alexandria,
414 1925 637 2006 appellationem
656 1943 714 1991 tra-

26 2016 29 2022 '
58 2003 115 2066 hens
123 2028 159 2069 err
169 2006 292 2069 nomine
302 2006 434 2069 auctoris.
445 2007 622 2084 Complexus
631 2004 713 2082 quid-

58 2086 113 2162 quid
123 2088 182 2150 loci
194 2105 237 2157 est
246 2087 321 2147 inter
328 2086 463 2164 paludem
472 2102 502 2146 et
512 2104 589 2145 mare
601 2124 612 2152 ‚
631 2101 716 2145 octo-

57 2164 124 2243 ginta
139 2167 296 2228 stadiorum
310 2167 398 2227 muris
415 2164 556 2225 ambitum
572 2162 717 2236 destinat3

57 2258 98 2313 et,
108 2245 153 2324 qui
163 2245 329 2307 aedificanda
338 2245 402 2306 urbi
412 2258 558 2323 preessent
569 2282 578 2312 ‚
588 2241 713 2312 relictis,
726 2296 730 2307 ,

56 2321 205 2403 Memphim
216 2323 420 2403 petitCupido
431 2364 441 2393 ‚
453 2322 530 2387 haud
537 2321 639 2398 iniusta
651 2323 714 2400 qui·

57 2401 263 2471 dem‚oetetum
273 2403 470 2480 intempestiva
482 2403 715 2470 incesserat‚non

59 2478 181 2544 interiora
191 2484 284 2545 modo
293 2482 408 2565 AEgypti
418 2521 428 2551 ‚
440 2481 491 2542 ¹sed
501 2481 588 2545 etiam
598 2478 714 2545 AEthio-

57 2560 265 2636 piaminvisere.
276 2559 626 2638 MemnonitTidnonique
635 2562 715 2627 nele-

56 2640 125 2703 bnta
135 2642 225 2727 regia,
232 2640 435 2725 cognoscenda
446 2641 589 2709 vetustatis
601 2639 717 2723 auidum

572 2739 600 2802 R
