1958 3630
252 328 320 387 5342
442 298 488 384 Q.
526 300 769 367 CURTII

260 408 350 467 citure
360 404 451 467 multa
461 402 668 474 affirmatione,
679 404 825 484 animique
831 402 926 483 pariter

259 486 442 554 constantia,
464 503 493 545 et
514 485 606 547 vultu·
621 485 767 554 abnuens,
789 483 924 563 quidquam

259 563 316 624 sibi
343 564 373 624 in
396 583 496 643 regem
511 562 661 642 cogitatum
683 583 773 636 esse;
801 581 924 623 tormenta

262 642 347 702 etiam
361 644 529 721 deposcebat
540 643 569 702 in
580 640 766 722 semetipsum.
778 642 856 703 Cum
865 643 922 704 Phi·

262 723 337 782 lotas
355 722 526 784 circumlatis
542 722 632 782 oculis
650 721 788 797 incideret
803 724 834 781 in
849 722 922 783 Calin

263 803 416 880 quemdam
430 841 439 871 ,
455 801 529 862 haud
547 802 649 878 procul
664 820 809 871 stantem,
822 802 922 882 propius

264 901 324 941 eum
335 882 413 961 jussit
423 878 565 943 accede're.
574 881 631 942 Illo
641 883 805 958 perturbato
817 923 828 950 ,
852 901 878 942 et
887 901 924 941 rev

263 962 380 1021 cusant'e
390 962 504 1021 transire
516 960 551 1019 ad
563 981 650 1028 eum,
665 959 803 1040 patieris,
821 962 923 1040 inquit,

263 1037 591 1109 Demetrium'mcatiri‚
613 1058 757 1116 rursusque
776 1059 820 1099 me
837 1060 923 1102 extm-

264 1117 363 1178 ciari?
384 1118 469 1178 Caiin
486 1138 547 1178 vox
566 1120 731 1199 sanguisque
750 1118 925 1190 defeceram

195 1194 198 1200 ’
265 1215 294 1256 et
306 1197 478 1258 Macedones
488 1195 622 1257 Philotan
637 1197 786 1274 inquinare
801 1199 922 1259 innoxios

263 1278 340 1336 velle
357 1277 590 1353 suspicabantur:
611 1277 675 1355 quia
691 1295 745 1336 nec
760 1297 776 1335 a
790 1278 921 1339 Nicoma·

248 1353 343 1423 oeho,
361 1373 415 1413 nec
429 1358 463 1414 ab
478 1357 540 1432 ipso
551 1355 684 1423 Philota,
703 1376 771 1416 cum
786 1375 833 1416 tor
851 1375 922 1419 uere·

265 1451 331 1501 tur,
351 1435 515 1495 nominatus
537 1454 607 1496 esset
627 1435 802 1497 adolescens.
825 1379 881 1515 {ui
897 1451 923 1494 nt

264 1513 411 1589 praefectos
422 1514 494 1593 regis
506 1514 716 1574 circumstantes
729 1534 758 1573 se
769 1515 859 1584 vidit,
872 1513 923 1576 De·

237 1660 248 1677 ⁹
265 1593 391 1652 mercium
402 1610 429 1651 et
439 1591 615 1672 semetipsum
623 1590 655 1652 id
660 1590 777 1668 jocinus
795 1594 922 1675 cogitasse

264 1673 411 1731 confessus
428 1688 480 1733 est.
498 1670 610 1733 Omnes
628 1692 696 1754 ergo
714 1693 730 1731 a
751 1672 923 1734 Nicomacho

263 1750 446 1821 nominatos,
458 1771 541 1811 more
550 1752 659 1829 patrio,
671 1752 737 1810 dato
749 1753 770 1810 si
792 1773 849 1823 no,
861 1752 924 1815 saxis

263 1832 426 1890 obruerunt.
445 1831 554 1910 Magno
570 1851 629 1891 non
647 1831 736 1890 modo
747 1772 865 1903 saisitis,
883 1828 921 1891 sed

261 1909 350 1968 etiam
363 1911 426 1969 vitae
436 1909 564 1986 periculo
581 1906 713 1971 liberatus
728 1929 788 1972 erat
804 1913 921 1974 Alexan-
966 1974 967 1985 χ

262 1986 311 2046 der
322 2011 331 2046 ε
341 1989 448 2064 *quippe
462 1987 613 2048 Parmenio
628 2007 656 2050 et
668 1988 814 2063 Philotas,
829 1988 922 2069 princi·
966 1988 967 2017 ³

261 2084 311 2142 pes
327 2067 485 2125 amicorum
504 2067 556 2128 nisi
570 2069 665 2145 palam
681 2086 796 2140 sontes,
816 2072 872 2132 sine
886 2069 922 2129 in·
966 2092 967 2095 ¹

189 2204 192 2211 ⁴
262 2144 430 2224 dignatione
445 2146 530 2207 totius
547 2149 685 2208 exereitus
701 2169 761 2208 non
776 2151 922 2226 potuissent
966 2164 967 2167 ’

253 2224 402 2288 damnari.
418 2224 515 2302 Itaque
532 2246 633 2305 anceps
645 2228 761 2305 quaestio
773 2229 829 2290 fnit
842 2254 850 2290 ε
863 2229 921 2289 dum

251 2303 401 2364 inficiatus
423 2321 465 2362 est
483 2305 608 2375 facinus,
635 2306 786 2368 crudeliter
808 2304 923 2386 torqueti

263 2381 410 2442 uidebatur
422 2403 430 2441 ε
441 2400 505 2459 post
514 2385 742 2455 confessionem,
758 2386 884 2451 Philotas
893 2401 924 2445 ne

262 2460 422 2525 carduorum
432 2463 546 2541 qui‘dcm
556 2464 780 2529 misericordiam
791 2466 902 2530 metuit.

539 2643 658 2723 w
677 2766 681 2771 ,

903 2542 913 2567 Q
