1962 3632
249 186 441 250 LIBER
479 187 571 252 111.
695 200 752 263 119'

13 322 15 325 v
74 287 133 352 nisi
147 306 222 348 nunc
235 285 359 358 dixero,
383 285 457 349 olias
468 286 648 369 nequidquam
660 290 752 371 confi-

75 369 165 430 tebor.
182 365 241 426 Hic
257 366 329 426 conti
345 366 493 447 apparatis
510 368 672 439 exercirus,
693 369 756 435 ltere

75 465 115 508 tor
129 445 281 527 gentiunt,
305 463 332 506 ec
349 446 435 505 totius
448 444 578 507 Orientis
593 448 687 509 excisa
702 455 752 509 se'·

77 525 158 587 ilibus
171 525 234 586 suis
247 522 354 594 rnoies,
366 522 506 603 finitimis
516 543 609 604 potest
622 546 684 588 esse
695 544 752 588 ter·

76 604 169 667 sibilis
184 630 194 663 .·
209 603 283 664 niret
287 622 408 685 purpura
419 624 556 683 auroque,
563 602 657 684 fulget
667 606 755 668 annis

78 702 106 745 et
116 683 281 765 opulentia,
300 698 428 761 quantum
438 683 483 761 oui
494 680 582 743 oculis
592 703 646 742 non
663 684 756 745 sub'e-

79 783 164 833 cere,
189 760 295 823 unionis
316 759 460 841 concipere
477 782 533 822 non
549 778 677 843 possunt.
699 708 756 824 iel

78 840 268 903 Macedonum
291 838 369 900 acies
388 856 465 899 toruo
484 860 554 900 sune
574 856 602 899 ec
622 838 760 913 incultu,

78 919 184 1001 clypeis
196 918 339 998 hastisque
351 917 505 978 immobiles
516 938 636 998 cuneos,
655 937 681 979 et
692 940 758 980 con·

73 997 153 1076 serto
163 997 258 1059 roboro
273 997 400 1059 virorum
411 995 493 1077 tegit.
511 995 571 1079 Ipsi
582 997 756 1090 phalangem

78 1096 179 1140 uocant
196 1076 324 1158 pediturn
345 1074 447 1136 stabile
466 1096 576 1155 agnen.
598 1075 652 1140 Vir
667 1099 726 1138 uiro
746 1118 759 1149 ‚

81 1157 169 1218 armis
186 1176 264 1217 ormo
277 1172 405 1216 conserto
420 1173 483 1214 sunt
501 1183 512 1217 .-
530 1154 566 1215 oel
583 1175 676 1221 nuturn
693 1177 754 1216 rno-
814 1208 822 1220 ,

13 1250 15 1253 ’
79 1235 171 1309 nentis
181 1233 310 1304 intenti,
321 1232 399 1324 sequi
411 1232 511 1313 signu,
523 1234 633 1296 ordines
644 1254 756 1299 serrare
771 1274 775 1280 -

81 1313 218 1378 didicere.
245 1310 332 1393 Quod
353 1326 524 1391 imperetur,
549 1334 641 1375 ornnes
663 1337 753 1377 exuu-

81 1392 158 1454 eliunt
171 1423 182 1456 ι
196 1392 356 1461 obsistere,
374 1390 536 1464 circumire,
558 1392 713 1455 discurrere
724 1393 756 1454 in

80 1493 184 1544 cornu,
204 1489 315 1532 mucore
324 1490 466 1610 fruguum,
483 1491 538 1532 non
547 1471 630 1532 eluces
642 1473 733 1553 tnagis
743 1513 756 1542 ,

80 1573 158 1632 quoru
169 1549 279 1613 milites
290 1571 323 1611 cc
336 1549 403 1612 lent.
423 1546 463 1608 Et
475 1571 509 1610 ne
519 1549 580 1611 ouri
593 1551 758 1630 argentique

81 1630 170 1696 studio
190 1628 283 1691 teneri
302 1645 403 1709 putes,
426 1625 514 1689 adhuc
537 1628 587 1689 illo
607 1627 761 1710 disciplina

79 1727 283 1792 paupertatem
323 1708 394 1768 istro
406 1709 496 1771 stetit.
508 1702 651 1788 Fatigatis
662 1708 759 1767 hunus

82 1790 168 1851 cubile
185 1806 233 1850 est
246 1815 256 1849 .·
268 1787 295 1847 ci
305 1808 369 1878 us,
386 1806 463 1878 quem
476 1803 627 1867 occupant,
645 1786 733 1874 rarior
748 1809 760 1844 .·

84 1889 205 1952 tempora
219 1885 311 1929 sorunt
331 1885 472 1935 arctiora,
511 1885 572 1924 uun
584 1881 675 1926 noctus
686 1877 765 1929 curres

81 1947 142 2012 lum
152 1944 292 2011 Thessali
303 1946 427 2084 eluites,
439 1961 468 2005 er
506 1964 662 2013 cornones,
673 1939 761 2002 AEro·

81 2027 171 2109 lique,
193 2025 308 2088 inuicto
337 2023 392 2101 ello
402 2043 498 2083 monus
512 2064 522 2093 ,
536 2020 637 2098 fundis
655 2018 762 2091 credo,

82 2126 108 2169 et
122 2106 218 2170 iustis
227 2105 295 2184 igue
307 2101 422 2163 eiuratio
431 2099 609 2182 repellentur.
632 2098 700 2160 Pori
711 2121 764 2181 ro:

82 2184 143 2248 iore
154 2206 227 2269 opus
240 2200 294 2245 est.
308 2180 405 2247 inilia
416 2197 505 2250 terra,
518 2199 577 2259 quer
587 2176 637 2238 ltos
644 2177 763 2258 genuit,

81 2266 188 2328 curtilia
208 2260 358 2345 quaereneiu
370 2277 435 2321 sunt
447 2285 458 2318 .·
471 2274 615 2340 argentum
627 2254 703 2317 icturi
714 2272 761 2316 ut-

98 2367 129 2407 ue
139 2365 242 2407 aurunt
262 2339 299 2402 ud
317 2336 520 2400 conducentium
538 2336 653 2397 militent
672 2335 766 2405 roirte.=

81 2365 145 2487 {rat
160 2424 266 2487 Dario
285 2419 357 2482 mite
378 2439 413 2479 ac
432 2416 576 2478 tractabile
592 2417 741 2505 ingenium⁸
750 2455 764 2487 ‚

83 2506 133 2566 nisi
144 2527 233 2569 suam
246 2519 379 2563 naturam
390 2496 556 2577 plerumque
571 2495 684 2558 fortuna
696 2517 763 2557 cor·

82 2600 241 2667 rumperet.
252 2573 507 2661 Itaque,veritatis
517 2574 684 2655 impatiens,
695 2573 765 2654 hos:

745 2668 754 2693 ¹!
