2002 3636
284 286 313 337 ,ι
382 272 859 331 asuerusmsuuecsu.
924 254 926 259 ’
995 284 997 337 r

278 366 371 422 ludos,
389 363 430 429 qui
448 365 602 428 superiorum
620 363 716 415 dierum
733 367 872 429 spectacula
891 366 949 423 luxu
993 389 997 419 r

280 449 307 482 et
315 430 495 497 magnificentia
510 434 587 498 longe
598 431 735 497 superaturi
744 433 899 487 dicebantur.
913 441 953 485 lu·
993 458 997 487 a

281 515 320 551 ter
335 500 383 549 alia
398 498 485 564 quibus
503 499 599 551 divitiis
614 499 719 551 illudere
733 502 816 550 solent
838 501 952 567 opulenti

280 583 368 633 reges,
387 581 412 616 et
420 570 522 617 fortrrnae
531 583 577 617 sue
586 567 780 634 magnitudinem
789 584 839 618 non
848 568 950 632 capien.
994 594 997 623 Ἰ

280 649 335 691 tes,
354 633 485 684 duodecim
502 637 612 685 Deorum
633 634 734 701 effigies
747 634 904 693 eminebant,
925 636 952 686 in
995 660 997 689 l

280 700 367 767 quibus
377 701 494 752 artificum
508 701 628 753 industria
642 719 696 751 cum
712 701 817 752 mater'ure
828 702 952 770 dignitate
994 728 997 759 v

235 784 237 789 ⁴
281 783 426 819 certaverat.
445 768 626 827 Tertiadecima
639 767 749 834 Philippi
763 771 849 820 thensa
863 788 951 821 acces·
995 797 997 821 l

279 851 361 893 serata
379 838 447 887 ntrlla
462 836 487 888 in
503 853 529 887 re
543 837 630 889 ceteris
645 836 732 889 vilior.
747 838 775 887 ld
789 838 953 890 mortalitatis

273 901 406 954 'fastidium
421 919 514 954 matura
523 903 588 954 uitio
598 920 792 955 consecutaest:
803 920 828 954 et
837 921 951 957 successu
995 930 997 958 a

271 974 361 1020 'rerum
378 969 589 1029 insolescentem,
613 988 685 1036 seque
695 971 751 1020 Diis
768 971 953 1024 immortalibus

279 1042 410 1102 aequantem
420 1075 428 1097 ‚
439 1037 577 1103 priusquam
587 1038 700 1088 indebito
708 1040 802 1088 honore
812 1044 950 1100 frueretur,

279 1109 355 1155 ntum
366 1104 509 1169 occupavit.
523 1105 651 1156 Pausanias
664 1107 785 1157 theatrum
797 1105 887 1158 intrare
902 1126 951 1160 vo·

267 1173 371 1222 'lentem
385 1174 582 1224 observaverat:
603 1188 675 1237 utque
693 1171 820 1238 premissis
836 1173 925 1225 amicis
943 1212 951 1235 ,

279 1238 319 1304 qui
333 1256 387 1290 eum
400 1233 565 1300 deduxerant,
584 1240 725 1306 relictisque
738 1259 751 1290 a
767 1257 840 1308 tergo
855 1244 951 1294 satelli·

276 1306 342 1356 tibus
358 1312 436 1367 (narn
451 1307 476 1355 in
489 1321 556 1358 tanta
571 1307 680 1357 omnium
695 1308 868 1359 benevolentia
883 1310 951 1360 nihii

276 1373 308 1423 iis
322 1389 384 1438 opus
393 1390 444 1424 esse
458 1376 559 1425 volebat
569 1376 699 1424 ostendere
711 1382 723 1437 )
737 1377 803 1426 solus
819 1376 952 1442 ingredie-

225 1486 231 1497 ,
277 1442 365 1498 batur3
382 1458 512 1505 percussor
527 1441 677 1506 improvisus
691 1442 794 1502 adsilit,
811 1444 952 1512 gladioque

276 1508 422 1569 barbarico,
439 1525 510 1573 quem
525 1511 569 1560 sub
583 1523 652 1560 veste
660 1509 791 1568 habuerat,
809 1512 873 1563 latus
881 1512 951 1562 nihil

275 1576 326 1628 tale
344 1577 494 1640 expectantis
510 1574 601 1628 haurit.
625 1576 675 1627 Hic
691 1576 740 1628 fuit
753 1577 830 1629 exitus
844 1578 950 1630 maximi

263 1640 413 1692 teretissant
430 1660 523 1721 regum.
543 1643 693 1694 Macedonia
707 1661 809 1711 regnum
829 1662 950 1712 magnum

274 1725 303 1759 tx
313 1708 382 1773 inopi
395 1710 536 1763 reddiderat
545 1729 552 1762 r
562 1709 742 1774 circumiectam
751 1713 889 1764 barbariem
900 1716 950 1767 do·

262 1790 388 1837 'muetat,
405 1779 504 1828 Graeciae
516 1778 667 1843 imposuerat
681 1780 765 1845 iugum
778 1797 786 1832 r
800 1795 853 1831 nrm
868 1782 950 1834 etiarn

273 1844 374 1894 Persico
387 1846 493 1910 imperio
502 1845 655 1896 imminebat.
665 1848 721 1897 Jarn
735 1847 824 1898 auxilia
837 1850 951 1901 Graeco-

272 1926 326 1961 rum
344 1912 464 1971 co'r'bant3
481 1915 529 1974 jam
546 1913 573 1962 in
588 1913 673 1964 Asiam
688 1915 864 1977 transjecerant
881 1933 951 1982 prn-

271 1977 340 2028 missi
354 1979 383 2028 ab
396 1997 427 2029 eo
441 1981 533 2038 ducer3
555 1997 609 2031 curn
623 1980 716 2045 inipso
731 1998 812 2032 rerum
825 1988 952 2049 gerenda·

270 2061 324 2096 rum
334 2044 453 2105 articulo,
464 2046 585 2111 prolixum
594 2048 707 2098 victorie
714 2044 821 2099 fructum
830 2049 877 2101 sibi
888 2056 951 2116 pol·

256 2126 259 2131 ⁴
270 2112 386 2164 licentem
400 2113 451 2165 vita
462 2114 586 2166 destituit.
595 2119 633 2166 ita
642 2115 746 2166 maxima
755 2133 852 2182 quaeque
863 2117 894 2169 in
906 2121 950 2172 iu·

269 2180 341 2230 brico
352 2196 425 2237 saints
440 2197 465 2231 et
474 2180 644 2232 audacissimas
658 2199 712 2246 spes
722 2184 849 2234 hominum
862 2186 951 2251 quili-

269 2246 313 2297 bet
321 2264 350 2297 ex
359 2247 493 2311 improviso
502 2266 567 2299 casus
576 2249 665 2298 eludit.
674 2250 803 2318 Olympias
813 2268 952 2317 comperta

269 2328 351 2364 morte
359 2314 424 2380 regis
433 2317 590 2381 Cleopatram
598 2316 680 2367 Attali
695 2335 781 2369 sorore
789 2318 902 2385 genitam
915 2324 951 2374 ad

267 2381 424 2445 suspendium
440 2382 539 2449 adegits
555 2399 712 2435 natumexea
725 2385 809 2450 paucis
822 2402 881 2438 ante
897 2405 951 2454 pa·

267 2447 312 2498 tris
322 2464 406 2498 necem
423 2448 507 2500 diebus
522 2467 624 2515 puerum
634 2451 659 2500 in
674 2469 736 2503 aenea
745 2452 813 2517 pelvi
826 2456 950 2509 tonuit:

266 2513 293 2565 in
312 2515 415 2567 clientes
431 2516 505 2568 eriam
526 2519 726 2585 propinquosque
744 2522 795 2581 ejus
811 2523 951 2576 atrocibus

264 2582 395 2647 suppliciis
408 2583 501 2642 saeviit,
518 2601 545 2635 et
558 2587 688 2636 occasione
700 2587 815 2638 vindicte
828 2606 874 2653 per
884 2608 951 2645 rnu-

265 2650 369 2703 liebrrnt
379 2651 549 2716 impotentiam
564 2653 731 2704 crudelissime
744 2673 785 2705 usa
795 2670 844 2707 est.

298 2721 371 2772 Cae.
382 2722 412 2770 X.
428 2720 474 2769 Sed
487 2720 646 2781 Alexander,
663 2737 707 2787 per
720 2723 788 2787 cujus
800 2724 957 2787 absentiam.
