2002 3636
258 306 316 358 34·
357 297 385 348 J.
420 295 608 350 FREINSH.
641 292 833 350 SUPPLEM.

255 388 339 453 cipere.
355 387 413 438 Non
427 401 518 439 veteres
533 401 629 437 tontum
643 386 746 451 injurias
763 383 925 437 uindicandas
976 396 978 427 Ι

256 471 323 516 esses
343 455 383 507 scd
397 470 502 522 praestns
522 454 620 506 dedecus
638 455 815 509 amoliendum,
836 456 924 519 creptis
976 466 979 497 1

256 537 286 573 err
301 524 431 573 Persarum
445 523 563 572 servitute
580 521 674 571 Grecis
689 522 848 577 civitatibus,
870 536 922 585 quae
977 518 979 565 i

258 588 346 638 Asiam
361 591 502 639 incolerent.
521 587 714 640 commodissime
729 589 753 638 id
763 590 822 650 fiori
833 604 922 654 posse,
977 604 980 633 ε

254 657 314 707 dum
327 656 462 723 compositis
475 655 605 706 inGraeciu
619 652 705 711 rebus,
719 656 844 706 universas
857 654 924 704 vires
977 668 980 699 t

258 723 285 775 iu
294 723 483 774 transmarinum
498 721 730 774 bellumcouvtrrtre
739 722 839 773 liberum
854 734 924 772 essct·
979 760 980 765 ,

260 788 406 843 Domestica
414 790 487 840 etiarn
495 789 568 854 puieti
577 805 603 841 cu
612 789 705 839 racione
712 791 862 855 prospectum
871 788 922 844 iri,
979 804 981 835 i

260 859 348 909 amotis
361 858 523 924 occupatisque
536 856 665 924 longinqua
678 855 785 911 militia,
799 857 838 920 qui
854 854 926 905 otiosi

257 924 387 976 discordiis
402 938 426 975 ct
443 924 544 974 audacio
568 940 605 974 res
623 922 720 973 turbore
734 924 925 972 consuevissent·
981 952 982 967 n

259 992 441 1044 constituerent
457 993 536 1058 igitur
551 1006 596 1055 quo
615 989 777 1056 imperatore,
799 987 926 1054 quibusque

259 1059 332 1128 copiis
356 1057 443 1109 bellum
464 1058 530 1107 istud
551 1057 769 1108 administrandum
790 1055 926 1106 videretur·

258 1127 318 1176 Non
328 1123 430 1173 fallebat
443 1123 573 1186 plerosque
585 1135 701 1187 quantum
715 1137 728 1171 e
742 1121 867 1185 republica
882 1136 927 1185 pe·

257 1206 353 1243 teretur
367 1208 375 1239 r
390 1190 432 1238 sed
441 1187 515 1239 armis
524 1189 634 1239 amissam
642 1189 781 1240 libertatem
792 1188 927 1252 intemptsss

259 1258 340 1311 tivum
349 1254 478 1307 videbatur
487 1256 569 1307 verbis
583 1272 703 1321 repetere.
721 1255 792 1305 Nihil
803 1273 863 1321 ergo
880 1257 926 1304 du·

259 1324 363 1377 biretum
381 1338 433 1381 est,
450 1322 509 1388 quin
523 1323 609 1373 faustis
623 1323 840 1374 acclamationibus
848 1323 928 1382 :Phi-

260 1395 339 1460 lippus
346 1394 475 1459 imperator
482 1392 586 1443 Graecice
593 1394 624 1442 ad
633 1393 782 1442 liberandum
792 1392 871 1443 orbem
880 1405 928 1440 ter-

260 1476 345 1511 rarum
360 1461 385 1509 in
401 1458 487 1510 Asiam
501 1460 621 1526 proficisci
640 1458 774 1520 juberetur.
792 1457 929 1520 Descriptio

262 1526 351 1576 deinde
368 1524 521 1591 singulorum
540 1539 623 1589 opes3
649 1539 675 1574 et
690 1541 806 1589 qnantum
827 1520 928 1589 quisque

260 1592 367 1644 militnm
382 1593 546 1658 frumentique
559 1591 699 1656 etpecunioe
713 1590 841 1649 mitteret,
860 1591 886 1640 in
895 1604 930 1641 ta·

261 1662 330 1712 bulas
341 1661 444 1710 relatum
454 1675 500 1709 est.
515 1661 627 1709 Ducenra
640 1658 767 1723 peditum,
789 1656 930 1725 quindecim

261 1726 369 1794 equitum
382 1726 462 1777 millia
474 1726 594 1790 promissa
607 1723 681 1776 fuisse
697 1725 813 1790 seperius
833 1740 889 1777 cunt
905 1724 931 1775 in

262 1811 292 1846 eo
312 1810 413 1844 nurnero
434 1809 513 1859 neque
529 1794 696 1851 Macedones,
715 1809 793 1860 neque
817 1804 930 1859 parentet

261 1860 439 1913 Macedonibus
453 1860 549 1912 barbari
562 1875 727 1912 censerentur.

264 1950 267 1955 ’
297 1931 378 1980 CAP.
394 1932 441 1979 IX.
458 1931 591 1987 Ceterum,
608 1943 636 1978 nt
648 1928 699 1978 sine
713 1927 817 1979 mixtura
832 1923 931 1978 calami·

261 1994 321 2046 tatis
328 1995 394 2045 nulls
404 1994 429 2043 in
439 1995 510 2044 rebus
519 1994 628 2045 humanis
638 1995 745 2046 felicitas
755 2009 808 2053 est,
822 2010 862 2044 res
870 1992 930 2045 fotis

261 2078 390 2126 prosperus
399 2061 540 2112 domestice
551 2062 627 2113 turbt
636 2078 792 2127 exceperunt.
811 2063 930 2112 Animum

262 2128 375 2195 conjugis
385 2126 446 2179 olim
457 2165 464 2189 ‚
476 2144 503 2179 ut
512 2129 617 2180 diximus
627 2167 633 2188 ‚
644 2129 787 2180 alieniorem
802 2128 932 2196 Olympius

261 2196 408 2248 morositate
421 2212 447 2247 et
460 2196 600 2267 arrogantia
608 2197 634 2248 in
650 2198 702 2248 dies
713 2197 791 2263 magis
805 2197 931 2263 magisque

263 2265 397 2316 avertebat.
409 2265 467 2314 Inde
477 2266 627 2333 repudiarem
636 2264 749 2315 nonnulli
760 2267 861 2314 madunt
870 2283 876 2315 t
884 2278 931 2329 ego

260 2330 288 2382 in
296 2333 383 2384 eodem
393 2329 552 2382 matrimonio
560 2331 667 2382 manenti
681 2335 839 2397 Cleopatram
849 2345 942 2395 super·*

262 2399 388 2450 inductam
397 2398 533 2464 comperio.
541 2400 595 2449 Nec
605 2398 669 2450 enim
680 2401 822 2451 Alexander
829 2399 855 2448 in
863 2412 933 2448 conto

264 2466 386 2517 dedecore
394 2466 539 2518 dolcissimo
546 2467 644 2526 matris,
653 2470 719 2531 cujus
726 2469 806 2531 pudor
816 2468 846 2516 sd
854 2466 933 2532 ipsum

263 2550 360 2599 quoque
374 2533 527 2598 pertineret(
536 2550 591 2584 nom
601 2536 628 2587 ob
642 2538 721 2602 stupri
730 2535 887 2601 suspicionem
896 2550 935 2584 err·

259 2604 355 2670 pulsum
370 2602 479 2662 addunt)
491 2600 642 2652 interfuisset
656 2616 766 2652 novetcse
782 2600 885 2664 nuptiis.
897 2604 936 2650 ln·

264 2668 349 2719 tensuit
359 2683 437 2719 autern
447 2705 455 2727 ‚
465 2684 490 2718 et
499 2671 596 2719 demum
606 2684 664 2733 post
673 2665 858 2718 contentionem
868 2703 875 2727 ,
885 2681 936 2733 que

263 2733 291 2786 in
298 2752 329 2788 eo
336 2735 455 2788 convivio
463 2750 707 2798 exarserat,marrem
715 2736 823 2789 obduxit.
834 2735 935 2801 Quippe
