1962 3632
248 322 305 394 '132
428 308 469 391 Q.
511 308 753 376 CURTH

249 427 317 474 nere
335 431 396 473 non
407 413 520 475 destitit.
539 414 583 474 Ut
594 426 662 476 vero
676 413 921 481 medicamentum

249 508 278 552 te
289 492 396 553 diffirdit
405 492 435 551 in
446 512 551 574 venas,
564 495 710 553 etsensim
720 509 784 553 toto
797 512 923 570 corpore

250 571 395 633 salubritas
415 572 520 650 percipi
542 572 662 648 potuit,
689 573 784 650 primo
805 573 924 633 animus

249 651 381 730 vigorem
393 672 495 720 suum,
513 650 613 711 deinde
628 666 730 728 corpus
742 668 857 728 quoque
867 671 924 710 ex-

249 730 411 806 pectatione
433 729 567 807 matarius
588 729 791 806 recuperavit:
814 729 923 807 quippe

250 826 315 885 post
324 808 438 869 tertium
450 809 544 876 diem,
563 829 649 885 quam
658 811 688 867 in
700 808 757 868 hoc
768 825 841 867 statu
854 809 918 867 fue-

249 903 315 955 rat,
335 887 366 944 in
388 904 572 964 conspectum
592 887 716 947 militurn
737 887 826 947 venit.
854 887 923 945 Nec

250 965 358 1026 avidius
366 967 458 1043 ipsum
467 978 585 1047 regem,
601 978 685 1043 qaam
695 964 859 1042 Philippum
871 966 918 1024 in·

250 1042 381 1104 tuebatur
390 1046 528 1105 exercitus
538 1060 553 1102 τ’
560 1065 612 1121 pro
624 1064 652 1104 se
662 1046 776 1122 quisque
788 1045 920 1105 dextram

251 1122 312 1198 ejus
332 1122 456 1199 amplexi
475 1139 566 1202 grates
589 1122 729 1182 habebant
748 1123 828 1184 velut
846 1142 922 1199 pra-

250 1200 320 1258 senti
332 1199 412 1261 Deo.
424 1201 560 1277 Namque*
571 1200 645 1262 haud
664 1202 748 1261 facile
766 1202 843 1261 dictu
855 1218 896 1260 est
908 1236 921 1270 ς

249 1293 347 1354 praeter
358 1280 515 1358 ingenitam
526 1279 569 1338 issi
584 1281 661 1360 genti
678 1298 744 1361 erga
758 1299 838 1360 reges
852 1300 919 1339 suos

248 1357 486 1425 venerationem,
505 1374 641 1434 qnantum
652 1358 733 1438 hujus
743 1374 858 1435 quoquo
873 1377 921 1417 re-

249 1433 293 1514 gis
308 1435 354 1496 vel
367 1435 546 1495 admirationi
557 1435 643 1496 dediti
660 1438 782 1506 fuerint,
799 1437 848 1497 vel
865 1457 923 1495 ca·-

223 1580 225 1587 y
248 1513 331 1572 ritate
349 1511 537 1595 flagraverint.
548 1516 614 1593 Jam
631 1516 755 1593 primum
772 1514 845 1574 nihil
863 1514 923 1574 nisi

249 1590 345 1653 divina
364 1613 418 1670 ope
435 1594 718 1674 aggredi·vide'batur.
731 1588 830 1662 Nam,
851 1615 921 1675 tum

250 1687 321 1730 esset
332 1690 430 1749 praesto
447 1674 550 1749 ubique
565 1674 701 1743 fortuna,
726 1673 871 1733 temeritas
889 1674 922 1732 itr

247 1749 370 1828 gloriam
388 1768 517 1813 cesserat.
538 1741 616 1811 AEtas
635 1774 692 1830 quo
711 1772 747 1812 ne
762 1752 814 1817 vix·
832 1753 922 1812 tantis

249 1846 359 1889 matura
370 1832 465 1900 rebus,
478 1830 524 1889 sed
533 1775 809 1899 abundesuiiiciens5
818 1833 922 1891 omnia

248 1907 336 1966 etiam
357 1908 416 1981 ejus
435 1929 520 1984 opera
539 1909 714 1972 honestabat.
737 1910 777 1969 Et·
791 1928 853 1986 quae
875 1912 921 1970 le-

203 2052 206 2057 *
248 1984 330 2043 viora
343 1984 438 2044 haberi
449 1987 563 2056 solent,
580 1989 746 2066 plerumque
762 1990 840 2059 imre
858 1990 920 2049 mi·

247 2052 327 2121 litari
335 2064 458 2143 gratiora
470 2067 558 2147 vulgo
572 2085 655 2127 sunt:
669 2067 836 2127 exercitatio
849 2090 921 2128 cor-

248 2142 326 2217 poris
335 2144 407 2202 inter
417 2142 492 2221 ipsos
505 2167 514 2216 3
536 2147 625 2207 cultus
635 2144 800 2222 habitusque
813 2149 922 2223 paulu-

247 2219 310 2278 ium
322 2242 336 2280 a
353 2223 463 2298 privato
480 2222 654 2295 abhorrens}
670 2225 799 2289 militaris
810 2225 920 2305 vigor:

247 2296 347 2386 quibus
364 2296 415 2358 ilie
426 2300 471 2361 vel
487 2300 598 2381 ingenii
612 2303 742 2373 dotibus,
760 2305 808 2381 vel
826 2304 921 2364 animi

247 2378 370 2459 ambus,
388 2395 419 2436 ut
433 2379 535 2455 pariter
547 2400 627 2442 carus
640 2403 674 2443 ac
683 2383 860 2447 venerandus
876 2403 921 2445 es·

245 2468 288 2513 set
299 2490 311 2521 5
327 2454 466 2518 effecerat.
773 2494 775 2501 ν

245 2612 250 2617 ι
285 2529 362 2593 Car.
375 2533 443 2596 VII.
455 2537 495 2595 At
504 2537 625 2607 Darius,
642 2539 743 2600 nuntio
752 2540 788 2601 de
798 2541 920 2605 adversa

244 2611 406 2672 valetudine
425 2633 564 2691 accepto,
587 2619 754 2686 celeritate,
776 2641 919 2696 quantam

243 2708 347 2770 sapere
360 2709 418 2755 tam
433 2711 520 2773 grave
537 2716 646 2776 agmen>
652 2713 763 2777 poterat
773 2736 790 2770 ‚-
806 2701 844 2762 ad
857 2702 920 2766 Eu·
