1958 3630
253 269 313 351 ‘376
434 260 478 342 Q.
516 260 759 328 CURTH

252 365 340 433 cladis
349 365 484 442 exemplo
496 365 718 429 continerentur.
733 365 902 429 Memaceni
913 375 930 439 ‚¹

250 445 344 510 valida
353 462 442 525 gens,
454 444 651 513 obsidionem,
661 464 722 504 non
732 463 763 505 ut
774 445 927 509 bouesrio-

250 547 314 589 rem
331 524 423 589 modo
437 566 448 593 ,
471 523 518 583 sed
539 524 627 583 etiam
644 540 676 585 ut
691 526 830 586 tutiorem
849 527 925 587 ferre

248 607 443 667 decreverant.
455 601 500 662 Ad
514 622 637 679 quorum
648 604 836 679 pertinaciam
845 605 924 665 miti·

249 683 375 778 gandam
391 702 442 742 rex
459 704 476 741 ι
493 682 599 759 equites
611 684 769 760 praemisit3
791 684 843 762 qui
863 681 922 744 cie·

249 762 382 828 mentium
392 759 480 841 ipsius
492 760 520 820 in
534 757 662 830 deditos,
677 760 814 840 simulque
824 761 923 823 inexo-

248 840 363 904 rabilem
381 839 500 900 animum
517 837 547 898 in
562 837 707 908 devictos,
728 842 922 906 ostenderent.

248 922 314 991 illi,
325 939 375 980 nec
387 918 422 978 tle
430 916 505 994 fide,
517 937 567 977 nec
577 916 611 977 de
620 918 744 999 potentia
756 920 835 1000 ragis
845 919 920 999 ipsos

247 999 375 1065 dubitare
398 997 595 1075 respondeum
619 998 783 1075 equitesque
808 999 921 1059 rendae

246 1097 328 1142 extra
340 1076 507 1137 inuninrenta
519 1073 594 1134 urbis
608 1076 717 1155 jubent.
729 1076 921 1155 Hospitaliter

246 1157 347 1221 deinde
355 1173 671 1237 exceptor,gravesque
678 1156 770 1233 epulis
777 1177 807 1217 er
814 1177 918 1218 somno

245 1239 413 1313 intempesta
424 1252 510 1295 nocte
518 1234 609 1296 adorti
623 1236 917 1300 incurcurumnle·

244 1316 351 1383 rander
360 1314 436 1377 haud
445 1333 542 1381 secus,
551 1333 637 1389 quam
646 1335 697 1392 par
707 1332 768 1374 erat
779 1355 790 1383 ‚
801 1333 915 1385 motus,

242 1397 344 1457 urbem
357 1412 467 1461 corona
484 1393 686 1465 circumdedit3
704 1394 915 1463 munitiorem,

241 1492 331 1551 quam
343 1490 374 1534 ut
384 1472 478 1561 primo
491 1473 599 1548 impetu
614 1473 678 1551 capi
692 1491 798 1549 posset.
816 1475 913 1552 Itaque

242 1553 423 1637 Meleagrum
446 1568 476 1609 et
497 1550 650 1611 Perdiccan
670 1551 706 1610 -in
730 1553 914 1614 obsidionem

241 1632 355 1722 iungit,
376 1629 569 1708 Cyropolim,
586 1648 618 1690 ut
638 1631 832 1711 antedictum
849 1651 913 1701 est,

145 1746 147 1751 ,
242 1708 411 1778 obsidentes.
430 1708 571 1769 Statuerat
593 1727 690 1770 autem
709 1723 837 1787 parcere
852 1709 912 1772 urbi

238 1789 386 1851 conditura
398 1787 493 1865 Cyrus
502 1788 606 1865 quippe
614 1807 675 1849 non
683 1789 773 1850 alium
780 1791 913 1871 gentium

238 1858 356 1930 illarum
370 1867 624 2006 magisadmiratus
638 1884 681 1927 est
695 1884 710 1938 ,'
724 1889 821 1946 quam
837 1870 911 1931 huno
970 1882 971 1897 ¹

139 2021 141 2025 ¹
239 1964 356 2085 refiem,
374 1965 402 2008 et
430 1945 599 2014 emiramin,
612 1946 751 2024 inquibus
763 1948 909 2030 etmagrri-

238 2043 268 2086 ru
289 2026 362 2085 inem
378 2022 487 2093 animi,
506 2042 534 2084 et
550 2021 704 2097 claritatem
720 2045 814 2087 rerum
832 2027 909 2107 louge

239 2102 387 2166 emicuisse
396 2103 537 2165 credebat.
546 2103 682 2166 Ceterum
691 2107 850 2183 pertinacia
860 2127 910 2185 op·

235 2185 408 2274 pidanorum
421 2182 481 2257 eius
494 2183 566 2243 iram
578 2184 717 2247 accendit.
732 2186 836 2263 ltaque
846 2206 909 2267 cup·

238 2282 297 2324 tam
313 2261 404 2323 urbem
415 2259 533 2352 diripere
549 2262 626 2335 iussit
636 2260 757 2324 delectos
769 2264 908 2326 Macedo·

235 2338 386 2410 'nembaurl
395 2341 495 2416 injuria
503 2340 673 2415 infesr0s3er
681 2340 716 2402 ad
725 2344 908 2426 Meleagrum
965 2360 966 2381 ¹

234 2430 267 2480 et
277 2418 429 2480 Perdiccan
439 2420 520 2483 redit.
532 2419 587 2480 Sed
595 2441 656 2497 non
665 2421 720 2481 alia
731 2425 799 2484 urbs
808 2423 909 2486 fortius

233 2498 416 2561 ‘obsidionem
424 2499 491 2570 tulit
504 2522 513 2560 r
524 2497 664 2576 quippeet
673 2501 801 2564 rnilitum
809 2523 911 2581 prom·

235 2578 336 2659 ripsinri
355 2576 502 2650 cecidere3
524 2597 553 2639 et
570 2579 630 2659 ipse
647 2598 697 2664 terr
715 2580 750 2648 ad
770 2583 910 2646 ultimum

232 2656 394 2742 periculum
404 2655 493 2721 renis.
509 2657 647 2738 Namque
657 2658 753 2725 ceruix
765 2661 829 2741 ejus
837 2683 908 2724 sauro
961 2708 962 2765 q

868 2761 906 2839 li
959 2792 961 2865 t
