1968 3636
243 274 431 353 tinus
478 274 610 367 IX.‚
672 273 735 360 '4⁸⁷9
824 274 865 307 1'

112 371 202 448 Cin.
220 383 281 448 vt.
304 388 368 448 Rex'
389 402 495 464 septem
516 384 613 444 diebus
633 390 735 444 curato

78 464 205 535 uulnere,
226 466 357 527 necdum
367 468 487 526 obducta
498 464 647 530 cicatrice,
665 468 733 523 cuni

46 607 50 611 ,
79 543 189 604 audisset
207 543 379 604 convaluisse
396 542 468 623 apud
484 540 612 600 barbaros
624 537 733 615 fumant

79 622 168 681 nortis
179 644 235 684 sun
247 643 260 693 ;
278 621 380 682 duobus
391 620 515 701 navigiis
522 617 650 697 junctis,
672 632 734 677 tra-

77 698 114 758 nn‘
126 699 153 759 in
164 701 280 762 medium
291 701 408 779 undique
419 697 593 778 conspicuum
604 694 735 756 taberna*

78 776 159 839 culum
175 781 271 857 jussit,
287 802 323 841 ex
339 800 432 858 quote
448 775 603 840 ostenderet
615 773 734 855 periisse

61 868 63 873 '
76 856 250 919 credentibus.
259 859 490 937 Conspectusque
498 858 532 916 ab
540 856 643 915 incolis
654 870 734 929 spem

76 933 192 998 hostium
208 938 280 999 fuis'o
298 940 398 999 nuntio
414 954 583 1012 conceptam
601 930 734 993 inhibuit.

76 1013 197 1076 Secundo
206 1019 398 1079 deindeamne
408 1015 541 1082 defluxit,
556 1013 733 1090 aliquantum
825 1024 829 1035 “

76 1090 208 1156 intervalli
230 1119 246 1156 a
270 1110 363 1158 cetera
384 1097 470 1157 classe
492 1093 676 1170 praecipiens,
696 1106 734 1149 ne

76 1174 146 1248 quies
171 1178 283 1255 corpori
308 1176 433 1236 invalido
460 1172 551 1232 adhuc
576 1166 734 1231 necessaria

76 1252 149 1327 pulsu
159 1273 304 1315 remorum
312 1254 502 1331 impediretur.
512 1250 735 1328 Quattmpost·
810 1279 818 1295 =

75 1351 154 1406 quarn
171 1334 304 1414 navigare
324 1350 469 1411 coeperat,
489 1331 534 1389 die
551 1328 680 1406 pervenit
701 1326 734 1386 in

75 1411 214 1488 regionem
225 1414 364 1472 desertam
376 1410 490 1489 quidem
501 1411 537 1467 ab
548 1408 650 1467 incolis
659 1447 670 1474 ,
685 1402 733 1465 sed

75 1487 208 1553 frumento
220 1509 249 1550 et
259 1492 407 1569 pecoribus
418 1488 617 1549 abundantem.
624 1482 735 1544 Placuit

74 1565 95 1625 is
105 1569 180 1629 locus
189 1589 217 1632 et
226 1572 259 1628 ad
272 1590 352 1629 sunm
362 1587 413 1636 ,ret
422 1568 455 1627 ad
464 1564 735 1641 militumrequietn.

75 1642 135 1705 Mos
144 1666 202 1709 erut
216 1648 388 1726 principibus
399 1647 580 1715 amicorum,
596 1652 629 1703 et‘
638 1654 735 1703 custo·

73 1723 144 1785 dibus
155 1724 303 1805 corporis,
322 1729 460 1786 excubare
473 1742 538 1784 ante
550 1722 733 1802 pretorium,

74 1804 176 1878 quoties
198 1806 259 1889 regi
285 1806 401 1866 adversa
422 1804 555 1864 valetudo
581 1800 734 1861 incidisset.

74 1877 136 1943 Hoc
156 1902 216 1945 turn
239 1904 322 1945 more
343 1903 457 1961 quoque
478 1901 587 1942 servato
610 1875 736 1939 universi

73 1963 229 2025 cubiculum
245 1963 306 2032 eius
319 1963 435 2023 intrant.
450 1961 503 2022 ilie
520 1956 677 2035 sollicitus,
698 1974 735 2017 ne

72 2040 133 2116 quid
144 2043 212 2104 novi
224 2041 375 2109 afferrent,
396 2041 461 2116 quia
477 2040 560 2100 simul
574 2052 735 2107 venerant3

72 2136 271 2194 percontatur,
291 2138 355 2179 num
373 2117 490 2177 hostiurn
506 2128 601 2175 recens
619 2112 736 2173 nuntiu-

73 2215 140 2259 retur
148 2198 294 2261 adventus.
304 2198 345 2258 At
354 2196 502 2259 Craterus,
515 2193 561 2255 cui
571 2191 736 2252 mandatum

72 2293 144 2345 etat,
157 2296 188 2340 ut
196 2278 356 2339 amicorum
366 2296 462 2354 preces
471 2270 645 2352 perfertetad
654 2287 734 2341 eunt3
800 2302 803 2309 ι

72 2351 201 2417 Credisne
214 2398 224 2425 ,
235 2357 326 2433 inquit
338 2397 348 2422 ‚
361 2353 479 2415 adventu
491 2351 581 2430 magis
594 2346 712 2409 hostium
719 2388 733 2417 ,

72 2435 161 2510 utp'um
174 2434 203 2494 in
215 2433 288 2495 vallo
301 2433 502 2499 consisterent,
517 2449 596 2501 uuam
612 2448 677 2490 curu
688 2444 735 2484 su-

72 2506 135 2570 tuus
148 2528 223 2581 tun,
247 2530 276 2572 ut
293 2532 365 2572 nunc
377 2528 420 2570 ert
432 2509 482 2569 ribi
492 2507 559 2569 nilis
572 2550 583 2578 ‚
605 2527 655 2567 nos
671 2514 737 2564 esse

72 2587 230 2651 sollicitos?
250 2587 595 2670 quantolibetuiromnium
606 2581 734 2663 gentiunt

72 2668 205 2752 conspiret
224 2667 255 2732 iu
275 2690 325 2733 nos
336 2689 350 2746 ;
373 2666 485 2753 impleor
505 2664 592 2736 uernis
614 2660 739 2741 vitient!
