1936 3644
47 380 111 466 ‘iit
123 401 183 463 tela
196 403 311 481 quidem
331 401 428 464 conati
441 403 511 465 nixu
523 403 633 466 vibrare
650 422 738 483 pote-

3 494 11 559 ζ
47 500 145 556 ·rant;
159 505 227 544 curn
238 483 317 561 prior
325 482 414 543 standi
424 482 483 543 sine
494 484 636 562 periculo,
647 502 736 562 quam

3 572 9 637 ζ
60 558 176 622 hostem
197 561 352 624 incessendi
375 583 441 622 cura
463 580 543 623 esset.
573 562 737 624 Tormenta

5 656 9 717 '.
60 641 146 704 saluti
163 641 288 704 fueruntr
300 639 411 718 Quibus
429 642 459 700 in
476 642 672 703 confortatae
690 659 735 703 ιε’·

2 735 10 803 ζ
60 734 143 783 there
170 738 200 780 se
221 720 369 790 offerentes
395 719 469 781 haud
491 722 591 783 frustra
621 730 736 785 excusae

2 820 6 827 ¹
58 812 127 862 eunt
146 801 216 861 tela.
236 799 351 861 Barbari
370 818 484 878 quoque
507 801 534 859 in
557 815 653 860 entem
673 800 736 860 vim

61 881 230 962 sagittarum
245 879 496 940 infudeteratibus.
544 883 629 957 ixque
642 880 736 939 ullum

1 973 7 1047 ᾗ
57 960 116 1023 fuit
128 975 262 1028 scutum,
279 959 355 1038 quod
368 970 429 1018 non
439 959 564 1041 pluribus
575 959 660 1018 ‘simul
677 959 736 1037 opis

2 1057 7 1115 ζ
60 1039 135 1099 culis
151 1038 350 1117 perforaretur.
362 1039 484 1116 Jamque
500 1055 579 1100 tctrae
597 1051 670 1099 rates
686 1056 737 1116 ap-

58 1119 258 1196 plicabantur,
272 1139 339 1179 curn
349 1117 423 1179 acies
433 1119 561 1196 clypeata
569 1119 733 1200 consurgit,

2 1202 3 1223 ³
60 1215 92 1258 et
110 1197 205 1258 hastas
220 1216 298 1257 certo
316 1198 398 1268 ictu,
416 1216 515 1277 utpote
532 1199 624 1259 libero
641 1198 734 1267 nixu,

61 1277 153 1339 mittit
169 1297 187 1337 e
204 1277 319 1339 ratibus.
331 1276 368 1337 Et
384 1296 415 1338 ut
426 1278 537 1340 territos
554 1276 736 1355 recipientes·

60 1375 118 1436 que
136 1377 226 1434 equos
234 1356 330 1418 videre
342 1378 352 1428 3
370 1357 476 1418 alacres
490 1374 588 1418 mutua
601 1357 735 1418 adhorta·

61 1438 145 1498 tione
164 1438 194 1496 in
213 1455 317 1496 terram
333 1436 473 1499 desiliere.
488 1437 620 1497 Turbatis
633 1436 735 1498 acriter
826 1496 827 1501 ,

59 1517 167 1597 pedem
185 1515 287 1576 inferre
305 1533 461 1593 coeperunt.
480 1516 615 1594 Equitum
632 1515 734 1576 deinde

59 1613 185 1666 turmae,
209 1617 269 1672 quae
295 1596 420 1656 frenatos
448 1591 590 1656 habebant
614 1614 732 1675 equos,

58 1677 222 1756 perfregere
238 1676 422 1736 barbarorum
433 1677 538 1737 aciem.
548 1675 666 1736 Interim
683 1694 734 1735 ce·

59 1757 115 1829 teri
132 1752 249 1834 agmine
268 1754 464 1816 dimicantium
480 1755 547 1815 tecti
560 1771 692 1832 aptavere
703 1768 733 1814 se

80 1855 174 1916 ugnae.
190 1834 252 1911 lpse
268 1852 320 1894 rex
330 1872 341 1903 ,
352 1833 438 1911 ¹quod
451 1832 557 1915 vigoris
570 1873 580 1903 ,
598 1850 672 1913 aegro
685 1831 736 1891 ad-

58 1856 118 1976 huc
129 1933 275 1990 corpore,
291 1913 406 1981 deerat,
421 1913 509 1973 animi
520 1911 653 1972 firmitate
666 1932 735 1989 sup·

58 1995 170 2074 plebat.
179 1991 250 2054 Vox
258 1989 430 2052 adhortantis
440 2012 498 2052 non
507 2009 618 2070 poterat
625 1988 735 2064 audiri,

57 2073 192 2134 nondum
209 2073 281 2131 bene
302 2072 422 2132 obducta
444 2072 574 2132 cicatrice
593 2071 733 2142 certicis3

57 2152 107 2216 ted
119 2149 306 2211 dimicantem
317 2152 412 2211 cuncti
423 2150 673 2227 videbant.1taque
683 2145 737 2226 ipsi

57 2231 178 2311 quidem
189 2229 293 2290 ducum
309 2230 497 2310 fungebantur
514 2228 636 2301 offici03⁴
648 2228 734 2287 alius·

58 2331 116 2391 que
132 2310 224 2370 alium
234 2308 395 2380 adhortari,
410 2310 438 2369 in
450 2308 562 2370 hostem
574 2307 670 2368 salutis
680 2308 736 2367 inr-
787 2356 792 2365 .

57 2407 209 2451 memores
225 2408 307 2449 ruere
324 2405 481 2465 coeperunt.
499 2388 577 2449 Tum
588 2408 658 2448 vero
673 2406 735 2448 non

58 2489 134 2539 ura,
156 2488 217 2528 non
236 2488 336 2536 arma,
356 2487 416 2527 non
432 2469 592 2528 clamorem
608 2465 734 2527 hostium

56 2548 174 2610 barbati
191 2547 313 2608 tolerare
328 2564 504 2626 potuerunt:
522 2564 677 2623 omnesque
692 2544 738 2604 ef-

54 2627 127 2690 fusis
138 2625 256 2687 habenis
269 2626 283 2700 (
290 2646 413 2705 namque
423 2626 558 2707 equestris
570 2626 643 2685 acies
654 2621 733 2695 erat)

51 2723 210 2788 capessunt
229 2706 340 2788 fugam.
365 2706 519 2788 Quaeret
537 2747 548 2774 ,
572 2720 736 2788 quanquam

236 2804 240 2810 ’
538 2808 566 2869 K
585 2805 602 2864 k
620 2801 652 2883 iij
