2002 3636
240 306 275 363 '56
348 296 375 353 J.
411 298 600 353 enutristi.
634 297 825 351 tutatuta.

241 404 329 442 reeens
347 385 438 452 religio
453 388 613 450 permoverat
628 403 636 436 ι
651 386 707 450 quia
720 385 829 435 miiitum
845 397 940 450 quoti

242 462 297 508 dant
314 455 461 506 cabirorum
479 456 580 511 fanum,
604 453 671 517 quod
687 468 742 503 ante
759 454 843 502 urbem
864 469 936 511 est,

239 522 350 589 rpoliare
365 537 515 589 aggressos,
534 519 614 570 subita
628 535 759 583 tempestas
773 518 938 570 fulminibus

242 606 270 642 tt
291 591 390 640 flamma
414 588 510 638 telesti
535 586 841 641 consuetutudines
867 601 938 638 sunt

203 678 205 683 ⁴
242 657 318 709 eriam
334 655 430 722 effigies
446 671 598 719 statuaeque,
621 653 697 713 Diis,
721 654 762 705 vel
777 651 937 721 hominibus

241 725 338 777 virtute
355 722 570 787 praecellentibus,
584 737 628 785 per
637 721 693 770 Iota
708 721 807 785 publiea
822 716 937 785 positae.

242 791 423 855 Proditumqoe
433 804 469 839 est
479 789 616 849 memoria,
633 789 707 837 fuisse
717 789 758 852 qui
771 786 838 837 inter
849 805 938 838 cons·

240 858 408 909 tentationem
424 873 500 921 eapte
513 855 661 920 direptaque
670 855 736 905 urbis
750 872 835 904 aarum
845 852 876 904 itt
896 854 937 905 si-

240 940 288 976 nus
303 923 457 977 autamicula
472 939 604 974 statuarum
614 921 775 982 abdiderint3
789 921 867 986 idque
877 923 937 972 sai.-
996 922 997 929 ’

242 1010 303 1043 uum
313 991 467 1056 repererint,
480 1008 534 1049 cum
545 988 668 1065 vigesimo
677 1005 735 1052 post
744 1004 806 1038 anno
817 992 938 1039 Cassan-

232 1062 289 1110 'der
312 1059 438 1122 Antipatri
458 1042 526 1107 filius
545 1056 666 1107 Thebas
658 1070 815 1106 instauraret
843 1058 935 1118 Quod

244 1126 344 1202 quidem
353 1142 403 1175 non
417 1140 469 1175 tarn
478 1122 671 1174 misericordia
664 1140 689 1172 aa
703 1126 823 1188 profugos
832 1124 935 1174 fecisse

244 1192 375 1250 ereditur,
399 1207 470 1256 quam
493 1206 521 1240 ut
540 1189 692 1248 Alexandri,
714 1207 786 1255 quem
806 1190 903 1241 oderat
924 1228 936 1252 ‚

244 1258 353 1325 gloriam
371 1259 527 1308 detrectaret.
552 1259 695 1322 Quanquam
713 1273 804 1307 autem
809 1273 934 1309 veterem

246 1343 373 1376 murorum
388 1324 506 1375 ambitum
522 1324 576 1374 urbi
594 1323 756 1384 restituistttt
773 1340 854 1389 neque
869 1341 935 1375 rno-

243 1408 287 1442 res
307 1392 442 1457 antiquos,
459 1407 536 1456 neque
558 1395 681 1442 soronam
702 1392 803 1441 reddere
826 1391 932 1455 potuit.

243 1459 377 1537 Nunquam
395 1473 482 1523 postea
499 1458 650 1516 resurrexit,
673 1472 702 1508 ut
717 1459 932 1512 convalesceret:

244 1526 290 1576 ted
304 1526 389 1576 multis
397 1525 499 1576 subinde
513 1496 693 1600 caiamitatibus
701 1540 806 1583 vexata,
826 1525 871 1576 vix
887 1541 934 1577 to·

247 1592 301 1643 nnis
317 1593 404 1658 oppidi
418 1593 523 1656 speeiem
533 1593 562 1641 ad
576 1590 719 1642 memoriam
732 1607 843 1642 nostram
858 1592 934 1643 reti·

240 1659 312 1710 nuit.
320 1661 464 1710 Poenituisse
474 1673 559 1723 postea
567 1662 650 1709 ferunt
660 1660 841 1719 Alexandrum,
853 1662 929 1725 quod

247 1726 336 1777 excisis
365 1726 456 1776 Thebis
481 1725 552 1776 veiut
573 1725 676 1776 aiterum
695 1726 797 1777 Graeciae
818 1730 931 1780 oculum

246 1793 360 1844 eruisset.
378 1793 465 1858 Utique
480 1807 609 1858 postquam
624 1792 687 1844 Cliti
704 1796 812 1852 eudem,
828 1809 855 1843 et
871 1797 934 1845 Mu-

245 1859 392 1911 oedonum'
384 1859 526 1925 ignaviam,
543 1858 750 1941 expeditionem'
743 1878 769 1911 ιιι
782 1859 931 1925 penitiores

246 1929 322 1977 Indos
337 1927 498 1990 pertinaciter
513 1926 693 1986 recusantium,
712 1932 775 1981 irum
786 1929 867 1981 Liberi
879 1947 932 1996 pa-

247 1995 297 2044 tris
307 1994 481 2055 interpretatus
494 2006 548 2051 est,
567 1993 596 2044 oh
611 1995 725 2059 efflictum
737 1998 851 2073 patriam
860 2004 930 2061 ejus-

246 2061 312 2110 moda
318 2076 401 2127 ponas
409 2075 545 2128 repetentur
560 2063 592 2110 Fe
601 2077 690 2125 repertr
699 2077 774 2120 sunt,
792 2080 835 2127 qur
844 2080 931 2126 ipsam

247 2124 314 2191 regis
330 2140 458 2185 mortem,
482 2142 532 2177 non
548 2126 600 2177 sine
623 2127 734 2180 vindicta
751 2131 798 2179 Ba:
802 2130 869 2187 ehi,
893 2132 929 2183 ab

247 2192 368 2244 ebrietate
388 2209 414 2244 et
431 2193 491 2245 vino
509 2197 645 2256 profectam
665 2198 800 2246 crederent.
819 2196 894 2247 His
886 2214 926 2248 tta

245 2258 410 2324 perpetratis,
429 2261 540 2310 Athenas
561 2259 649 2318 misit,
669 2263 808 2314 nuntiatum
822 2280 852 2314 ut
867 2282 930 2316 ora-

247 2342 331 2384 tores,
346 2328 503 2393 quipopuium
513 2330 628 2385 αάγινιιιι
638 2331 781 2381 Macedonas
798 2333 929 2389 concitare

250 2393 457 2451 uortdesiraereut,
471 2395 649 2458 truderentur‚·
642 2399 929 2452 autsiiliosamitttrt

246 2474 431 2527 grauarentur,
449 2461 527 2513 eadem
537 2464 696 2514 contumatiae
704 2464 805 2530 praemia
818 2481 930 2530 expectas-

250 2540 321 2581 rent,
343 2542 443 2603 quorun
458 2531 613 2593 exemptum'
605 2546 630 2579 ιιι
644 2529 807 2580 Thebanorum
820 2534 929 2583 calumi-

247 2605 300 2642 tate
308 2593 478 2667 conspicerent.
496 2593 533 2644 lbi
543 2611 599 2643 carm
609 2592 722 2645 Phocion
735 2630 743 2653 ‚
761 2599 828 2658 eujus
839 2597 895 2646 ob
887 2614 931 2650 rn-

249 2656 392 2721 regritatem
407 2659 464 2711 vite
484 2659 586 2710 maxima
602 2662 632 2710 ad
647 2664 767 2725 populum
788 2663 929 2718 auctoritas

247 2739 328 2787 erat
356 2743 405 2779 ιιοιι
425 2727 575 2783 irritandum
596 2730 752 2786 statueratis
773 2731 931 2802 vitrarium
