1968 3636
246 301 438 381 ll'BER
485 310 563 383 Illo
675 321 735 389 'ssi

77 402 146 477 viles
166 411 227 478 tibi.
258 411 434 496 Quocumque
451 417 598 495 possetis,
625 413 740 479 ibimus·

71 490 199 554 ’Odstnro
222 493 294 555 bello
318 515 345 555 es
372 494 507 576 ignobiles
529 515 636 577 pugnos
659 488 739 556 nohis

76 570 245 649 deposcimus
260 601 270 634 .-
285 575 454 655 temetipsum
472 572 508 633 od
527 595 559 634 ea
571 594 652 635 servo
661 573 738 654 peri-

78 649 158 723 culo,
181 673 241 731 quoe
271 652 488 791 magnitudinem
517 672 591 713 toton
616 654 739 732 sopiunt.

79 726 139 789 Cito
150 730 240 810 glorio
254 731 317 791 obso
330 732 400 792 escit
412 732 442 791 in
454 730 576 792 sordidis
592 728 715 791 lostiitts
728 752 740 790 s

78 809 278 888 necquidquam
290 809 433 890 indignius
444 828 486 871 est
497 848 507 881 ,
526 830 605 889 qttont
616 807 738 870 consumi

70 906 157 957 -eosn,
175 889 221 948 oli
240 911 294 950 non
308 890 400 971 possit
415 889 535 953 ostendi.
556 888 663 950 Eadem
679 889 743 948 lere*

79 963 263 1039 Ptolemaeus,
284 987 313 1030 et
332 970 435 1029 similia
452 970 485 1030 iis
501 969 598 1029 ceteri.
617 968 682 1034 „lam
704 986 740 1047 ue

78 1047 197 1108 confusis
212 1050 331 1110 vocibus
347 1069 413 1108 eum
424 1051 563 1117 orabant,
582 1063 612 1105 ut
630 988 740 1105 tondens

79 1125 221 1186 estotintae
237 1125 313 1186 laudi
333 1125 439 1187 modom
448 1126 581 1203 faceret,
602 1144 636 1185 ec
654 1120 740 1184 soluti

78 1219 153 1275 τηε,
171 1204 201 1264 id
215 1223 279 1275 est,
292 1204 410 1285 publica
423 1222 557 1286 parceret.
573 1202 664 1265 Grata
681 1214 743 1263 era't

70 1282 132 1373 tegi
150 1284 237 1361 pietas
253 1284 425 1346 amicorum.
438 1285 534 1363 ltaque
552 1283 677 1365 singulos
695 1279 739 1341 fa·

67 1363 207 1424 miliarias
219 1364 369 1441 amplexus
378 1362 520 1423 considere
531 1364 618 1441 jubet.
629 1361 742 1423 Altius·

78 1459 129 1517 que
145 1463 277 1503 sermone
295 1442 437 1519 repetito,
455 1439 532 1502 vobis
551 1438 678 1518 quidem,
693 1440 741 1499 ἐττ-

77 1522 148 1597 quit,
162 1541 176 1580 o
188 1520 343 1600 lfidissioni
356 1519 532 1601 piissimique
544 1519 644 1579 tioium
663 1528 745 1597 atque

78 1599 219 1659 amicorum
229 1641 237 1669 ,
249 1617 346 1679 grates
357 1619 409 1679 ogo
419 1597 573 1676 hoieopoe,
590 1614 643 1656 non
654 1595 743 1656 soloin

78 1697 108 1737 eo
123 1679 252 1748 nomine,
270 1677 341 1769 ‹pood
353 1676 433 1737 lodie
448 1675 564 1736 solotem
582 1696 668 1736 menon
681 1694 746 1736 nes·

78 1772 125 1817 ton
135 1756 296 1838 proponitis
307 1776 320 1829 ;
338 1755 387 1816 sed
399 1755 468 1834 qood
480 1775 497 1815 o
503 1753 664 1843 primordiis
678 1750 744 1814 delli

78 1834 175 1896 nullom
192 1854 261 1917 ergo
278 1855 320 1894 me
339 1834 534 1895 benevolentiis
549 1832 651 1912 pignos
664 1846 745 1909 otpne

79 1911 208 1974 indicium
232 1913 380 1976 omisistis.
406 1910 484 1972 Adeo
509 1929 538 1971 ot
561 1908 744 1990 confitendum

78 1992 134 2062 sit,
154 2013 289 2072 nonquam
301 1991 368 2052 milti
385 1992 472 2052 sitam
487 1988 675 2065 meomfuisse
687 2000 745 2049 tom

79 2090 190 2142 soram,
207 2092 287 2152 potam
304 2091 365 2131 esse
379 2070 481 2150 coepit,
499 2067 616 2131 scrobis
627 2066 674 2127 dio
682 2066 744 2143 [ηεξ

73 2151 187 2229 possim.
209 2150 337 2212 Ceterum
357 2169 411 2208 non
431 2147 525 2208 endem
547 2163 591 2205 est
612 2145 747 2224 cogitatio

79 2246 189 2299 eotom,
209 2228 256 2309 qni
270 2248 319 2309 pro
338 2247 381 2286 me
397 2226 467 2287 mori
486 2241 602 2305 optant,
621 2241 648 2282 et
660 2232 746 2283 meo.-
765 2240 769 2249 “

78 2308 121 2385 poi
131 2308 238 2387 quidem
248 2306 319 2368 donc
330 2304 545 2367 benevolentiam
555 2319 677 2362 vestram
688 2300 747 2362 oir-

79 2379 746 2464 rotemeroissemejolico.Vosenimoiutornon

71 2460 193 2538 froceum
213 2487 249 2527 ex
267 2486 309 2525 nte
320 2505 330 2536 ‚
343 2462 467 2540 forsitan
476 2463 568 2522 'etiam
582 2477 746 2541 perpetuum
834 2496 836 2501 ·

74 2543 258 2624 perciperetis
275 2543 325 2605 itis
339 2570 349 2604 :
363 2562 412 2623 ego
425 2563 467 2602 me
478 2541 574 2601 metior
585 2559 639 2598 non
652 2537 747 2601 etatis·

78 2622 189 2699 spatio,
211 2640 241 2683 se
269 2621 382 2702 gloriae.
402 2619 498 2684 Licuit
506 2617 631 2706 paternis
650 2615 746 2699 opibtle

72 2708 201 2767 'contento
226 2701 304 2767 intra
332 2700 509 2763 Macedonio
537 2715 668 2759 terminos
693 2700 747 2777 pn
