2002 3636
245 278 283 329 aa,
348 222 383 317 n'
409 262 598 319 anniusrr.
633 262 820 319 susurru,

246 368 379 416 tempestas
395 352 457 403 citra
474 369 562 402 noram
581 352 704 404 detonuit.
723 356 781 415 Quo
799 366 867 414 rnetu
888 351 939 404 lf-

245 421 323 473 berati
334 422 500 480 Macedones,
517 420 590 470 alacri
601 421 706 471 elamore
717 420 785 471 edito
796 457 803 479 ,
813 421 937 485 impres-

245 490 341 540 sionem
356 488 458 538 faciunt.
472 488 646 538 Procurrentes
661 489 777 538 barbaros
790 487 932 564 praegressi

243 559 358 607 adextro
372 572 449 605 cornu
462 553 583 620 sagittarii
593 555 759 621 frequentibus
767 554 825 605 telis
841 570 933 604 inces-

245 626 342 675 sebast.
351 628 389 676 lta
396 622 447 674 sine
454 622 833 687 periculoplralanxinverticenr
841 621 932 680 enisa,

246 707 275 742 ut
290 692 396 756 primurn
412 707 479 756 equo
496 691 556 740 loco
572 689 706 741 consistere
723 689 828 754 potuit,
852 689 931 740 haud

245 759 359 826 ambigua
374 758 483 810 victoria
500 758 596 808 hostem
611 754 702 808 nudum
723 773 764 807 aut
776 756 867 807 leviter
886 773 934 805 ar-

245 842 339 877 matum
349 825 456 889 disjecit.
465 826 512 875 Sed
526 826 677 883 eademres,
694 841 744 891 quae
759 825 877 874 barbaros
897 822 932 873 in

244 895 334 959 proelio
348 892 509 960 prodiderat,
525 890 550 942 in
563 896 620 960 fuga
634 892 738 951 adjuvit.
752 890 839 941 Armis
852 891 933 941 haud

244 979 303 1012 sane
315 962 409 1013 onerari
418 976 462 1025 per
476 975 535 1010 nora
549 960 605 1011 loca
619 959 693 1021 futile
701 958 790 1024 dilapsi
800 974 866 1009 sunt.
881 963 933 1010 lta

246 1029 392 1080 desideratis
408 1046 437 1079 err
459 1026 527 1076 ornni
546 1044 646 1078 numero
665 1026 734 1077 inille
752 1025 932 1093 quingentis,

244 1099 408 1161 ceterosfuga
417 1095 520 1144 abstulit
531 1095 674 1144 rmulierurn
683 1110 862 1159 puerorumque
876 1093 929 1142 in-

245 1163 315 1230 genti
331 1160 508 1220 multitudine,
523 1162 649 1228 predaque
663 1179 707 1226 pro
724 1163 837 1211 locorurn
856 1177 929 1211 con-

246 1231 344 1280 ditione
353 1229 411 1279 satis
421 1229 501 1292 ampla
509 1267 517 1286 ‚
526 1229 610 1280 vietor
617 1229 713 1293 potitus
723 1244 769 1279 est.
777 1228 816 1279 Sic
827 1244 927 1292 aperto

245 1297 339 1348 rnontis
356 1296 421 1347 AErni
436 1294 557 1355 transitu,
576 1296 602 1347 in
617 1296 736 1346 interiora
747 1296 854 1345 Thracia
870 1313 931 1359 pe·

210 1362 215 1371 '
244 1380 365 1415 narratum
383 1379 429 1416 ese.
449 1365 528 1413 Lucus
545 1379 582 1414 est
598 1361 624 1413 in
638 1363 670 1413 iis
684 1363 819 1430 gentibus,
842 1380 925 1428 quern

244 1432 336 1483 Libero
345 1431 413 1482 Patri
424 1431 530 1481 dicatum
540 1430 620 1495 prisca
632 1431 754 1496 religione
764 1431 860 1483 colunt.
876 1431 926 1481 Ibi

245 1517 302 1550 turn
318 1499 459 1549 Alexander
474 1498 577 1548 barbaro
592 1497 642 1548 ritu
656 1498 810 1558 sacrificans,
829 1496 925 1551 vinum

244 1567 294 1618 aris
308 1566 462 1622 infunderet,
477 1580 546 1616 tante
558 1565 660 1615 flamme
674 1565 711 1616 vis
724 1566 822 1630 erupit,
838 1581 926 1616 utsu-

243 1650 330 1700 petato
345 1633 400 1684 aclis
416 1633 540 1690 culmine,
557 1632 582 1681 in
593 1633 680 1683 coelum
695 1633 799 1683 emicare
814 1632 925 1684 videre-

245 1717 295 1754 tur.
306 1704 406 1753 Eosdem
412 1701 566 1769 gioriaefines
578 1702 630 1768 regi
641 1702 745 1759 ostendi,
762 1715 846 1751 ornnes
862 1717 926 1750 cre-

245 1768 339 1819 didere.
349 1766 407 1818 Alia
418 1766 520 1818 subinde
529 1765 684 1817 resnuntiata
696 1766 787 1830 prioris
800 1767 922 1834 prodigii

242 1836 317 1887 sidem
340 1833 481 1886 affirmavit.
498 1837 527 1884 In
542 1832 678 1884 Thracibus
694 1832 734 1898 qui
753 1836 854 1904 Odrysae
872 1852 923 1900 ap-

244 1903 386 1969 pellantur,
406 1903 537 1953 Libethrus
554 1918 624 1951 mons
639 1916 665 1952 et
681 1900 768 1951 civitas
786 1917 838 1963 est,
861 1903 924 1952 Or-

242 1971 301 2035 phei
319 1969 439 2021 natalibus
454 1968 547 2034 inclyta
562 1985 569 2018 r
591 1975 643 2035 ejus
657 1986 751 2020 sacram
767 1972 865 2039 effigiem
884 1989 924 2023 eas

242 2056 352 2106 cupresso
368 2039 519 2103 fabricatam
537 2040 614 2088 multo
629 2038 713 2088 sudore
728 2054 852 2097 manasse,
870 2038 924 2103 qui

244 2105 375 2164 uiderant,
393 2107 423 2155 ad
434 2119 517 2170 regem
527 2104 643 2154 rendere.
654 2104 694 2153 De
707 2102 921 2169 interpretatione

245 2173 364 2224 sollicitis
377 2172 523 2224 Aristander
538 2169 628 2221 exemit
639 2185 748 2229 metunt,
763 2174 793 2223 ad
803 2191 841 2225 res
855 2172 924 2226 Ale-

242 2244 332 2292 xandri
347 2243 468 2307 pertinere
483 2252 640 2297 asseverans,
658 2242 742 2304 quihus
756 2242 923 2292 decantandis

244 2309 336 2359 alumni
344 2308 439 2372 filiique
453 2308 581 2357 Musarum
595 2310 698 2357 multum
718 2308 857 2358 desudatam·
876 2326 921 2359 es-

243 2390 305 2426 sent.
314 2371 418 2423 Triballi
433 2372 516 2424 valida
526 2372 594 2421 natio
609 2380 678 2422 trans
691 2388 799 2422 montem
809 2374 920 2427 AEmunt

242 2441 339 2491 uolunt.
351 2444 379 2490 ln
392 2457 435 2490 eos
449 2456 505 2490 curn
521 2441 680 2490 descenderet
693 2441 851 2500 Alexander,
868 2458 921 2495 rere

241 2507 324 2574 gentis
340 2512 437 2574 Syrmus
452 2507 478 2557 in
492 2508 588 2557 Peucen
602 2507 658 2557 istri
672 2506 776 2558 insulam
791 2512 916 2574 confuge.

241 2572 921 2640 tat,expeditionenlaeedonisrnultoantecompert23

241 2660 314 2709 seque
329 2658 355 2693 et
364 2641 483 2708 quidquid
496 2655 565 2691 atate
574 2642 615 2691 vel
625 2656 681 2689 sexu
695 2641 919 2705 invaluissent,

240 2713 341 2780 objectu
351 2709 427 2782 anuis
434 2707 589 2781 nranimento
599 2709 722 2780 tuebaturg
734 2709 834 2785 {duilli
846 2710 919 2787 Ale,
