1936 3644
240 335 303 410 'itio
422 326 467 409 Q!
506 327 757 407 cunm

242 435 304 497 vius
323 428 400 491 lr'osti
418 431 460 491 ire
482 430 597 512 pergit,
620 426 836 510 elephantosque
854 440 916 495 aute

240 532 341 592 agmen
352 530 461 570 suorum
480 510 528 590 ogi
548 512 639 590 jubet.
657 512 799 589 Magnum
818 512 915 573 bellue

236 592 364 665 iniecere
376 609 513 650 terrorem
524 613 534 663 3
546 590 731 667 insolitusque
741 590 848 655 stridor
856 610 912 659 nou

238 690 328 749 equos
338 671 428 730 modo
440 708 450 738 ,
473 687 533 729 tarn
546 669 680 747 pavidum
690 668 725 729 ad
736 671 840 731 omnia
852 669 911 731 ani·

237 752 324 824 rna13
345 750 393 810 sed
409 749 486 810 vitos
501 769 615 828 quoque
633 748 805 825 ordinesque
818 752 912 811 turbe·

237 847 331 893 verat.
352 829 419 896 Janr
439 827 511 909 fuge
529 827 795 905 circumspiciebant
817 830 913 890 locum

236 909 626 989 pauloantevictores3cum
634 907 917 990 AlexanderAgria-

137 1061 142 1069 ‚
237 1010 293 1051 nos
309 1009 339 1058 et
348 987 475 1049 Thracas
485 987 587 1048 leviter
598 1003 744 1056 armatos,
761 988 912 1052 meliorem

235 1068 456 1136 concursatione
483 1088 569 1146 quarn
598 1068 729 1127 cominus
757 1068 911 1138 militem,

236 1150 332 1211 emisit
342 1149 371 1208 in
382 1148 501 1208 belluas.
513 1149 663 1227 Ingentem
675 1145 697 1206 ii
713 1144 911 1213 vim‘telorum

236 1229 361 1306 iniecere
377 1245 406 1288 et
423 1225 604 1304 elephantis,
625 1243 655 1286 et
671 1229 837 1306 regentibus
854 1248 913 1293 eos,

235 1306 366 1371 Phalanx
382 1327 495 1383 quoque
510 1307 613 1365 instare
629 1323 795 1368 constanter
812 1306 911 1371 territit

234 1389 333 1464 coepit.
345 1385 399 1446 Sed
410 1385 525 1464 quidam
537 1383 644 1445 auidius
654 1387 795 1462 persecuti
806 1388 911 1447 belluas

234 1467 266 1529 in
279 1483 368 1527 semet
378 1465 524 1526 inritavere
534 1466 706 1525 uulneribus.
718 1464 833 1526 Obtriti
842 1484 909 1546 ergo

232 1546 351 1627 pedibus
366 1565 486 1613 earum,
505 1544 628 1613 ceteris,
646 1562 678 1605 ut
696 1547 812 1620 parcius
825 1546 909 1605 insta-

233 1646 318 1694 rent,
339 1624 420 1685 fuere
434 1624 650 1684 documentum.
663 1622 811 1702 Praecipue
828 1624 908 1685 terri·

234 1706 300 1780 bilis
315 1705 366 1765 itta
380 1702 466 1764 facies
476 1720 558 1772 erat,
573 1724 640 1763 eum
658 1723 745 1766 manu
764 1725 846 1766 arma
861 1704 906 1767 ti·

232 1804 336 1863 rosque
349 1783 544 1860 corriperent,
564 1799 684 1859 ‚etsupet
701 1805 730 1844 se
746 1786 906 1865 regentibus
960 1796 961 1815 ¹

232 1865 386 1925 traderent.
396 1861 511 1938 Anceps
520 1881 590 1941 ergo
600 1882 694 1941 pugna
704 1883 784 1926 nunc
792 1883 908 1943 sequen·
959 1856 960 1877 ¹

216 1980 219 1985 ·
231 1943 324 2010 tium,
333 1962 409 2004 nuuc
419 1941 589 2020 fugientium
598 1941 783 2017 elephantos,
792 1946 821 2004 in
830 1942 905 2003 mul·

231 2039 296 2083 tum
306 2018 361 2080 diei
373 2021 484 2081 uarium
495 2038 640 2087 certamen
651 2025 798 2088 extraxit:
812 2022 902 2086 donec
954 2090 956 2101 q

231 2099 374 2163 securibus
387 2102 401 2173 (
412 2097 440 2158 id
452 2119 575 2176 namque
587 2120 675 2180 genus
686 2104 790 2165 atrxilii
801 2121 904 2181 praepa·
954 2164 955 2185 χ

231 2197 327 2244 tatum
350 2178 442 2250 erat)
463 2179 549 2257 pedes
572 2198 720 2256 amputare
745 2196 904 2261 erepemnt,

233 2257 358 2338 Copidas
370 2276 475 2318 vocant
483 2258 593 2339 gladios
603 2259 705 2321 leviter
713 2280 849 2329 curvatos
856 2261 905 2322 fal

230 2339 310 2400 cibus
321 2337 443 2403 similes,
455 2339 554 2414 quibus
564 2341 734 2416 appetebant
745 2343 905 2404 belluarum

230 2437 344 2479 manus.
369 2414 433 2475 Nec
458 2417 611 2494 quidquam
637 2417 821 2498 inexpertum
847 2439 905 2484 non

230 2494 333 2559 mortis
343 2494 452 2561 modo,
462 2496 510 2556 sed
521 2496 608 2557 etiarn
620 2497 650 2557 in
661 2497 720 2573 ipsa
728 2519 827 2560 morte
836 2498 908 2562 novi

231 2573 362 2653 supplicii
378 2574 467 2635 timor
487 2575 646 2641 omittebat.
665 2577 743 2658 Ergo
760 2577 905 2657 elephanti

229 2653 392 2720 vulneribus
421 2654 537 2715 tandem
566 2655 674 2738 fatigati
703 2678 770 2718 suos
796 2660 905 2736 impetu

229 2751 383 2823 ,penum
403 2748 433 2816 tt
452 2735 501 2836 qui
520 2753 652 2818 renerent
670 2755 721 2803 eos
738 2735 905 2837 praecipiod
