<?xml version="1.0" encoding="UTF-8"?>
<!DOCTYPE html PUBLIC "-//W3C//DTD XHTML 1.0 Transitional//EN"
    "http://www.w3.org/TR/xhtml1/DTD/xhtml1-transitional.dtd">
<html xmlns="http://www.w3.org/1999/xhtml" xml:lang="en" lang="en">
 <head>
  <title>
</title>
<meta http-equiv="Content-Type" content="text/html;charset=utf-8" />
  <meta name='ocr-system' content='tesseract 3.04.00' />
  <meta name='ocr-capabilities' content='ocr_page ocr_carea ocr_par ocr_line ocrx_word'/>
</head>
<body>
  <div class='ocr_page' id='page_1' title='image "./qcurtiirufidere03rufugoog_0203.png"; bbox 0 0 1962 3632; ppageno 0'>
   <div class='ocr_carea' id='block_1_1' title="bbox 252 287 941 2773">
    <p class='ocr_par' dir='ltr' id='par_1_1' title="bbox 259 287 769 375">
     <span class='ocr_line' id='line_1_1' title="bbox 259 287 769 375; baseline -0.002 -17"><span class='ocrx_word' id='word_1_1' title='bbox 259 298 324 369; x_wconf 56' lang='lat'>478</span> <span class='ocrx_word' id='word_1_2' title='bbox 446 287 489 375; x_wconf 85' lang='lat' dir='ltr'>Q.</span> <span class='ocrx_word' id='word_1_3' title='bbox 532 294 611 357; x_wconf 76' lang='lat' dir='ltr'>C&#39;U</span> <span class='ocrx_word' id='word_1_4' title='bbox 629 288 703 357; x_wconf 70' lang='grc' dir='ltr'><em>Μ</em></span> <span class='ocrx_word' id='word_1_5' title='bbox 722 294 769 358; x_wconf 76' lang='lat' dir='ltr'>H</span> 
     </span>
    </p>

    <p class='ocr_par' dir='ltr' id='par_1_2' title="bbox 252 387 941 2773">
     <span class='ocr_line' id='line_1_2' title="bbox 257 387 939 479; baseline 0.003 -20"><span class='ocrx_word' id='word_1_6' title='bbox 257 393 411 479; x_wconf 82' lang='lat' dir='ltr'>.gnationir</span> <span class='ocrx_word' id='word_1_7' title='bbox 432 417 500 458; x_wconf 84' lang='lat' dir='ltr'>curn</span> <span class='ocrx_word' id='word_1_8' title='bbox 518 397 614 475; x_wconf 86' lang='lat' dir='ltr'>Tyriis</span> <span class='ocrx_word' id='word_1_9' title='bbox 634 403 814 473; x_wconf 86' lang='lat' dir='ltr'>memores(</span> <span class='ocrx_word' id='word_1_10' title='bbox 831 387 939 479; x_wconf 83' lang='lat' dir='ltr'>quippe</span> 
     </span>
     <span class='ocr_line' id='line_1_3' title="bbox 266 477 941 556; baseline 0.003 -19"><span class='ocrx_word' id='word_1_11' title='bbox 266 492 415 554; x_wconf 87' lang='lat' dir='ltr'>utramque</span> <span class='ocrx_word' id='word_1_12' title='bbox 424 480 525 538; x_wconf 89' lang='lat' dir='ltr'>urbem</span> <span class='ocrx_word' id='word_1_13' title='bbox 534 477 701 556; x_wconf 73' lang='lat' dir='ltr'>Agenorem</span> <span class='ocrx_word' id='word_1_14' title='bbox 710 477 868 539; x_wconf 84' lang='lat' dir='ltr'>condidisse</span> <span class='ocrx_word' id='word_1_15' title='bbox 879 500 941 550; x_wconf 79' lang='lat' dir='ltr'>cre-</span> 
     </span>
     <span class='ocr_line' id='line_1_4' title="bbox 266 555 936 634; baseline 0.004 -19"><span class='ocrx_word' id='word_1_16' title='bbox 266 556 370 617; x_wconf 87' lang='lat' dir='ltr'>debant</span> <span class='ocrx_word' id='word_1_17' title='bbox 384 557 399 629; x_wconf 88' lang='lat'><em>)</em></span> <span class='ocrx_word' id='word_1_18' title='bbox 413 557 519 617; x_wconf 85' lang='lat' dir='ltr'>multos</span> <span class='ocrx_word' id='word_1_19' title='bbox 534 555 708 633; x_wconf 86' lang='lat' dir='ltr'>Tyriorum,</span> <span class='ocrx_word' id='word_1_20' title='bbox 728 556 816 617; x_wconf 87' lang='lat' dir='ltr'>eriam</span> <span class='ocrx_word' id='word_1_21' title='bbox 835 577 936 634; x_wconf 84' lang='lat' dir='ltr'>prote-</span> 
     </span>
     <span class='ocr_line' id='line_1_5' title="bbox 266 635 938 716; baseline 0.003 -22"><span class='ocrx_word' id='word_1_22' title='bbox 266 656 384 715; x_wconf 80' lang='lat' dir='ltr'>gentes,</span> <span class='ocrx_word' id='word_1_23' title='bbox 402 636 436 695; x_wconf 93' lang='lat' dir='ltr'>ad</span> <span class='ocrx_word' id='word_1_24' title='bbox 454 657 503 696; x_wconf 85' lang='lat' dir='ltr'>sua</span> <span class='ocrx_word' id='word_1_25' title='bbox 511 636 667 711; x_wconf 80' lang='lat' dir='ltr'>perduxere</span> <span class='ocrx_word' id='word_1_26' title='bbox 682 635 820 716; x_wconf 80' lang='lat' dir='ltr'>navigia:</span> <span class='ocrx_word' id='word_1_27' title='bbox 837 638 938 713; x_wconf 81' lang='lat' dir='ltr'>quibus</span> 
     </span>
     <span class='ocr_line' id='line_1_6' title="bbox 267 713 936 791; baseline 0.003 -17"><span class='ocrx_word' id='word_1_28' title='bbox 267 715 433 784; x_wconf 84' lang='lat' dir='ltr'>occultatis,</span> <span class='ocrx_word' id='word_1_29' title='bbox 443 715 546 776; x_wconf 86' lang='lat' dir='ltr'>Sidona</span> <span class='ocrx_word' id='word_1_30' title='bbox 558 713 667 774; x_wconf 78' lang='lat' dir='ltr'>devecti</span> <span class='ocrx_word' id='word_1_31' title='bbox 678 731 751 775; x_wconf 87' lang='lat' dir='ltr'>sunt.</span> <span class='ocrx_word' id='word_1_32' title='bbox 760 713 936 791; x_wconf 82' lang='lat' dir='ltr'>Quindecim</span> 
     </span>
     <span class='ocr_line' id='line_1_7' title="bbox 266 791 933 873; baseline 0.004 -21"><span class='ocrx_word' id='word_1_33' title='bbox 266 794 358 854; x_wconf 87' lang='lat' dir='ltr'>millia</span> <span class='ocrx_word' id='word_1_34' title='bbox 385 793 442 855; x_wconf 85' lang='lat' dir='ltr'>hoc</span> <span class='ocrx_word' id='word_1_35' title='bbox 465 794 540 873; x_wconf 75' lang='lat' dir='ltr'>furtu</span> <span class='ocrx_word' id='word_1_36' title='bbox 565 791 699 853; x_wconf 85' lang='lat' dir='ltr'>subducta</span> <span class='ocrx_word' id='word_1_37' title='bbox 722 794 832 855; x_wconf 73' lang='lat' dir='ltr'>sevitia</span> <span class='ocrx_word' id='word_1_38' title='bbox 859 813 933 855; x_wconf 82' lang='lat' dir='ltr'>sunt.</span> 
     </span>
     <span class='ocr_line' id='line_1_8' title="bbox 268 871 934 952; baseline 0.002 -19"><span class='ocrx_word' id='word_1_39' title='bbox 268 871 473 951; x_wconf 83' lang='lat' dir='ltr'>Quantumque</span> <span class='ocrx_word' id='word_1_40' title='bbox 486 871 628 952; x_wconf 82' lang='lat' dir='ltr'>sanguinis</span> <span class='ocrx_word' id='word_1_41' title='bbox 645 872 738 932; x_wconf 86' lang='lat' dir='ltr'>fusum</span> <span class='ocrx_word' id='word_1_42' title='bbox 757 872 814 943; x_wconf 85' lang='lat' dir='ltr'>sit,</span> <span class='ocrx_word' id='word_1_43' title='bbox 837 875 886 935; x_wconf 87' lang='lat' dir='ltr'>vel</span> <span class='ocrx_word' id='word_1_44' title='bbox 900 874 934 935; x_wconf 84' lang='lat' dir='ltr'>eir</span> 
     </span>
     <span class='ocr_line' id='line_1_9' title="bbox 266 948 933 1029; baseline 0.003 -19"><span class='ocrx_word' id='word_1_45' title='bbox 266 949 325 1012; x_wconf 87' lang='lat' dir='ltr'>hoc</span> <span class='ocrx_word' id='word_1_46' title='bbox 343 954 495 1014; x_wconf 79' lang='lat' dir='ltr'>existimari</span> <span class='ocrx_word' id='word_1_47' title='bbox 517 969 629 1029; x_wconf 87' lang='lat' dir='ltr'>potest,</span> <span class='ocrx_word' id='word_1_48' title='bbox 649 952 724 1028; x_wconf 83' lang='lat' dir='ltr'>quod</span> <span class='ocrx_word' id='word_1_49' title='bbox 746 948 819 1012; x_wconf 85' lang='lat' dir='ltr'>intra</span> <span class='ocrx_word' id='word_1_50' title='bbox 839 954 933 1013; x_wconf 85' lang='lat' dir='ltr'>muni-</span> 
     </span>
     <span class='ocr_line' id='line_1_10' title="bbox 254 1031 931 1103; baseline 0.003 -13"><span class='ocrx_word' id='word_1_51' title='bbox 254 1048 363 1094; x_wconf 49' lang='lat' dir='ltr'>&#39;menta</span> <span class='ocrx_word' id='word_1_52' title='bbox 373 1033 447 1091; x_wconf 87' lang='lat' dir='ltr'>urbis</span> <span class='ocrx_word' id='word_1_53' title='bbox 457 1051 506 1092; x_wconf 82' lang='lat' dir='ltr'>sex</span> <span class='ocrx_word' id='word_1_54' title='bbox 513 1031 604 1091; x_wconf 85' lang='lat' dir='ltr'>millia</span> <span class='ocrx_word' id='word_1_55' title='bbox 613 1048 787 1092; x_wconf 87' lang='lat' dir='ltr'>armatorum</span> <span class='ocrx_word' id='word_1_56' title='bbox 796 1032 931 1103; x_wconf 80' lang='lat' dir='ltr'>trucidata</span> 
     </span>
     <span class='ocr_line' id='line_1_11' title="bbox 255 1110 932 1186; baseline 0 -15"><span class='ocrx_word' id='word_1_57' title='bbox 255 1128 341 1172; x_wconf 83' lang='lat' dir='ltr'>sunt.</span> <span class='ocrx_word' id='word_1_58' title='bbox 356 1110 448 1170; x_wconf 84' lang='lat' dir='ltr'><strong>Triste</strong></span> <span class='ocrx_word' id='word_1_59' title='bbox 462 1111 560 1170; x_wconf 85' lang='lat' dir='ltr'>deinde</span> <span class='ocrx_word' id='word_1_60' title='bbox 571 1111 763 1186; x_wconf 81' lang='lat' dir='ltr'>spectaculum</span> <span class='ocrx_word' id='word_1_61' title='bbox 780 1111 932 1173; x_wconf 83' lang='lat' dir='ltr'>uictoribus</span> 
     </span>
     <span class='ocr_line' id='line_1_12' title="bbox 266 1188 931 1270; baseline 0.003 -23"><span class='ocrx_word' id='word_1_62' title='bbox 266 1188 306 1248; x_wconf 90' lang='lat' dir='ltr'>ira</span> <span class='ocrx_word' id='word_1_63' title='bbox 329 1190 443 1266; x_wconf 82' lang='lat' dir='ltr'>praebuit</span> <span class='ocrx_word' id='word_1_64' title='bbox 460 1190 543 1270; x_wconf 86' lang='lat' dir='ltr'>regis.</span> <span class='ocrx_word' id='word_1_65' title='bbox 559 1188 630 1252; x_wconf 87' lang='lat' dir='ltr'>Duo</span> <span class='ocrx_word' id='word_1_66' title='bbox 649 1190 763 1258; x_wconf 80' lang='lat' dir='ltr'>miliia,</span> <span class='ocrx_word' id='word_1_67' title='bbox 783 1190 813 1250; x_wconf 83' lang='lat' dir='ltr'>in</span> <span class='ocrx_word' id='word_1_68' title='bbox 834 1192 931 1268; x_wconf 85' lang='lat' dir='ltr'>quibus</span> 
     </span>
     <span class='ocr_line' id='line_1_13' title="bbox 266 1267 931 1337; baseline 0.002 -9"><span class='ocrx_word' id='word_1_69' title='bbox 266 1267 413 1328; x_wconf 85' lang='lat' dir='ltr'>occidendi</span> <span class='ocrx_word' id='word_1_70' title='bbox 431 1268 569 1329; x_wconf 81' lang='lat' dir='ltr'>defecerat</span> <span class='ocrx_word' id='word_1_71' title='bbox 586 1270 696 1337; x_wconf 81' lang='lat' dir='ltr'>rabies,</span> <span class='ocrx_word' id='word_1_72' title='bbox 714 1270 844 1330; x_wconf 83' lang='lat' dir='ltr'>crucibus</span> <span class='ocrx_word' id='word_1_73' title='bbox 858 1267 931 1329; x_wconf 85' lang='lat' dir='ltr'>affixi</span> 
     </span>
     <span class='ocr_line' id='line_1_14' title="bbox 264 1349 931 1427; baseline 0.001 -21"><span class='ocrx_word' id='word_1_74' title='bbox 264 1364 316 1424; x_wconf 88' lang='lat' dir='ltr'>per</span> <span class='ocrx_word' id='word_1_75' title='bbox 340 1349 440 1427; x_wconf 81' lang='lat' dir='ltr'>ingens</span> <span class='ocrx_word' id='word_1_76' title='bbox 465 1349 556 1409; x_wconf 83' lang='lat' dir='ltr'>litoris</span> <span class='ocrx_word' id='word_1_77' title='bbox 580 1349 702 1426; x_wconf 85' lang='lat' dir='ltr'>spatium</span> <span class='ocrx_word' id='word_1_78' title='bbox 730 1349 931 1426; x_wconf 88' lang='lat' dir='ltr'>pependerunt.</span> 
     </span>
     <span class='ocr_line' id='line_1_15' title="bbox 265 1425 930 1506; baseline 0.002 -20"><span class='ocrx_word' id='word_1_79' title='bbox 265 1425 531 1506; x_wconf 80' lang='lat' dir='ltr'>Carthaginensium</span> <span class='ocrx_word' id='word_1_80' title='bbox 551 1428 650 1506; x_wconf 82' lang='lat' dir='ltr'>legatis</span> <span class='ocrx_word' id='word_1_81' title='bbox 670 1427 817 1504; x_wconf 81' lang='lat' dir='ltr'>pepercit3</span> <span class='ocrx_word' id='word_1_82' title='bbox 841 1428 930 1488; x_wconf 86' lang='lat' dir='ltr'>addita</span> 
     </span>
     <span class='ocr_line' id='line_1_16' title="bbox 264 1504 930 1586; baseline 0.003 -22"><span class='ocrx_word' id='word_1_83' title='bbox 264 1505 476 1567; x_wconf 81' lang='lat' dir='ltr'>denunciatione</span> <span class='ocrx_word' id='word_1_84' title='bbox 487 1504 649 1583; x_wconf 74' lang='lat' dir='ltr'>beili,quod</span> <span class='ocrx_word' id='word_1_85' title='bbox 656 1505 834 1586; x_wconf 72' lang='lat' dir='ltr'>presentium</span> <span class='ocrx_word' id='word_1_86' title='bbox 845 1525 930 1568; x_wconf 82' lang='lat' dir='ltr'>rerum</span> 
     </span>
     <span class='ocr_line' id='line_1_17' title="bbox 253 1582 928 1663; baseline 0.004 -20"><span class='ocrx_word' id='word_1_87' title='bbox 253 1583 420 1645; x_wconf 77' lang='lat' dir='ltr'>necessitas</span> <span class='ocrx_word' id='word_1_88' title='bbox 427 1582 928 1663; x_wconf 80' lang='lat' dir='ltr'>moraretur.Tyrusseptimomense,</span> 
     </span>
     <span class='ocr_line' id='line_1_18' title="bbox 263 1665 928 1745; baseline 0.003 -22"><span class='ocrx_word' id='word_1_89' title='bbox 263 1682 350 1739; x_wconf 85' lang='lat' dir='ltr'>quam</span> <span class='ocrx_word' id='word_1_90' title='bbox 371 1665 526 1745; x_wconf 85' lang='lat' dir='ltr'>oppugnari</span> <span class='ocrx_word' id='word_1_91' title='bbox 547 1682 639 1741; x_wconf 80' lang='lat' dir='ltr'>coepra</span> <span class='ocrx_word' id='word_1_92' title='bbox 663 1680 744 1733; x_wconf 88' lang='lat' dir='ltr'>erat,</span> <span class='ocrx_word' id='word_1_93' title='bbox 766 1683 848 1742; x_wconf 83' lang='lat' dir='ltr'>capra</span> <span class='ocrx_word' id='word_1_94' title='bbox 870 1684 928 1736; x_wconf 84' lang='lat' dir='ltr'>est;</span> 
     </span>
     <span class='ocr_line' id='line_1_19' title="bbox 263 1744 929 1824; baseline 0.008 -22"><span class='ocrx_word' id='word_1_95' title='bbox 263 1745 330 1803; x_wconf 88' lang='lat' dir='ltr'>urbs</span> <span class='ocrx_word' id='word_1_96' title='bbox 339 1760 514 1804; x_wconf 85' lang='lat' dir='ltr'>etvetusrare</span> <span class='ocrx_word' id='word_1_97' title='bbox 525 1744 700 1824; x_wconf 82' lang='lat' dir='ltr'>originis,et</span> <span class='ocrx_word' id='word_1_98' title='bbox 709 1746 805 1804; x_wconf 86' lang='lat' dir='ltr'>crebra</span> <span class='ocrx_word' id='word_1_99' title='bbox 815 1745 929 1807; x_wconf 76' lang='lat' dir='ltr'>fortune</span> 
     </span>
     <span class='ocr_line' id='line_1_20' title="bbox 263 1822 927 1906; baseline 0 -23"><span class='ocrx_word' id='word_1_100' title='bbox 263 1822 927 1906; x_wconf 79' lang='lat' dir='ltr'>varietateadmemoriamposteritatisinsignis.</span> 
     </span>
     <span class='ocr_line' id='line_1_21' title="bbox 265 1899 927 1982; baseline 0.008 -23"><span class='ocrx_word' id='word_1_101' title='bbox 265 1899 389 1962; x_wconf 83' lang='lat' dir='ltr'>Condita</span> <span class='ocrx_word' id='word_1_102' title='bbox 399 1904 434 1963; x_wconf 90' lang='lat' dir='ltr'>ab</span> <span class='ocrx_word' id='word_1_103' title='bbox 444 1903 601 1982; x_wconf 82' lang='lat' dir='ltr'>Agenore,</span> <span class='ocrx_word' id='word_1_104' title='bbox 615 1903 662 1962; x_wconf 91' lang='lat' dir='ltr'>diu</span> <span class='ocrx_word' id='word_1_105' title='bbox 677 1922 775 1971; x_wconf 86' lang='lat' dir='ltr'>mare,</span> <span class='ocrx_word' id='word_1_106' title='bbox 789 1923 851 1964; x_wconf 87' lang='lat' dir='ltr'>non</span> <span class='ocrx_word' id='word_1_107' title='bbox 861 1905 927 1965; x_wconf 87' lang='lat' dir='ltr'>vici·</span> 
     </span>
     <span class='ocr_line' id='line_1_22' title="bbox 255 1981 928 2063; baseline 0.006 -24"><span class='ocrx_word' id='word_1_108' title='bbox 255 1997 335 2039; x_wconf 77' lang='lat' dir='ltr'>mum</span> <span class='ocrx_word' id='word_1_109' title='bbox 350 1981 461 2047; x_wconf 87' lang='lat' dir='ltr'>modo,</span> <span class='ocrx_word' id='word_1_110' title='bbox 481 1981 529 2039; x_wconf 89' lang='lat' dir='ltr'>sed</span> <span class='ocrx_word' id='word_1_111' title='bbox 546 1981 744 2058; x_wconf 89' lang='lat' dir='ltr'>quodcumque</span> <span class='ocrx_word' id='word_1_112' title='bbox 758 1983 861 2043; x_wconf 82' lang='lat' dir='ltr'>classes</span> <span class='ocrx_word' id='word_1_113' title='bbox 875 1983 928 2063; x_wconf 78' lang='lat' dir='ltr'>ejus</span> 
     </span>
     <span class='ocr_line' id='line_1_23' title="bbox 264 2057 928 2135; baseline 0.014 -21"><span class='ocrx_word' id='word_1_114' title='bbox 264 2057 416 2127; x_wconf 84' lang='lat' dir='ltr'>adierunt,</span> <span class='ocrx_word' id='word_1_115' title='bbox 436 2057 551 2119; x_wconf 84' lang='lat' dir='ltr'>ditionis</span> <span class='ocrx_word' id='word_1_116' title='bbox 565 2080 619 2120; x_wconf 86' lang='lat' dir='ltr'>suae</span> <span class='ocrx_word' id='word_1_117' title='bbox 634 2059 712 2121; x_wconf 85' lang='lat' dir='ltr'>fecit.</span> <span class='ocrx_word' id='word_1_118' title='bbox 732 2057 790 2131; x_wconf 84' lang='lat' dir='ltr'>Et,</span> <span class='ocrx_word' id='word_1_119' title='bbox 811 2061 835 2135; x_wconf 72' lang='lat' dir='ltr'>si</span> <span class='ocrx_word' id='word_1_120' title='bbox 852 2062 928 2123; x_wconf 77' lang='lat' dir='ltr'>fama</span> 
     </span>
     <span class='ocr_line' id='line_1_24' title="bbox 255 2134 928 2218; baseline 0.009 -24"><span class='ocrx_word' id='word_1_121' title='bbox 255 2134 334 2198; x_wconf 52' lang='lat' dir='ltr'>„libet</span> <span class='ocrx_word' id='word_1_122' title='bbox 347 2137 484 2207; x_wconf 82' lang='lat' dir='ltr'>credere,</span> <span class='ocrx_word' id='word_1_123' title='bbox 505 2137 565 2201; x_wconf 81' lang='lat' dir='ltr'>haec</span> <span class='ocrx_word' id='word_1_124' title='bbox 599 2158 648 2199; x_wconf 89' lang='lat' dir='ltr'>ens</span> <span class='ocrx_word' id='word_1_125' title='bbox 666 2139 761 2200; x_wconf 83' lang='lat' dir='ltr'>literas</span> <span class='ocrx_word' id='word_1_126' title='bbox 774 2134 871 2218; x_wconf 86' lang='lat' dir='ltr'>priiua</span> <span class='ocrx_word' id='word_1_127' title='bbox 886 2157 928 2202; x_wconf 84' lang='lat' dir='ltr'>aut</span> 
     </span>
     <span class='ocr_line' id='line_1_25' title="bbox 263 2214 928 2298; baseline 0.009 -24"><span class='ocrx_word' id='word_1_128' title='bbox 263 2214 552 2287; x_wconf 78' lang='lat' dir='ltr'>docuit‚autdidicit.</span> <span class='ocrx_word' id='word_1_129' title='bbox 591 2218 694 2279; x_wconf 82' lang='lat' dir='ltr'>oloniae</span> <span class='ocrx_word' id='word_1_130' title='bbox 704 2235 780 2279; x_wconf 86' lang='lat' dir='ltr'>certe</span> <span class='ocrx_word' id='word_1_131' title='bbox 790 2219 854 2297; x_wconf 89' lang='lat' dir='ltr'>ejus</span> <span class='ocrx_word' id='word_1_132' title='bbox 862 2239 928 2298; x_wconf 86' lang='lat' dir='ltr'>pene</span> 
     </span>
     <span class='ocr_line' id='line_1_26' title="bbox 262 2294 925 2369; baseline 0.011 -17"><span class='ocrx_word' id='word_1_133' title='bbox 262 2297 333 2354; x_wconf 87' lang='lat' dir='ltr'>orbe</span> <span class='ocrx_word' id='word_1_134' title='bbox 343 2311 406 2356; x_wconf 82' lang='lat' dir='ltr'>toro</span> <span class='ocrx_word' id='word_1_135' title='bbox 413 2294 517 2356; x_wconf 81' lang='lat' dir='ltr'>diffusae</span> <span class='ocrx_word' id='word_1_136' title='bbox 526 2314 607 2357; x_wconf 74' lang='lat' dir='ltr'>sunta</span> <span class='ocrx_word' id='word_1_137' title='bbox 620 2296 724 2357; x_wconf 79' lang='lat' dir='ltr'>Cartha</span> <span class='ocrx_word' id='word_1_138' title='bbox 746 2297 805 2357; x_wconf 88' lang='lat' dir='ltr'>oin</span> <span class='ocrx_word' id='word_1_139' title='bbox 813 2300 925 2369; x_wconf 81' lang='lat' dir='ltr'>Africa,</span> 
     </span>
     <span class='ocr_line' id='line_1_27' title="bbox 260 2318 926 2444; baseline 0.012 -13"><span class='ocrx_word' id='word_1_140' title='bbox 260 2371 292 2431; x_wconf 89' lang='lat' dir='ltr'>in</span> <span class='ocrx_word' id='word_1_141' title='bbox 313 2373 423 2436; x_wconf 83' lang='lat' dir='ltr'>Boeotia</span> <span class='ocrx_word' id='word_1_142' title='bbox 435 2372 568 2444; x_wconf 80' lang='lat' dir='ltr'>Thebae,</span> <span class='ocrx_word' id='word_1_143' title='bbox 592 2373 688 2436; x_wconf 83' lang='lat' dir='ltr'>Gades</span> <span class='ocrx_word' id='word_1_144' title='bbox 709 2318 745 2435; x_wconf 60' lang='lat' dir='ltr'>ai</span> <span class='ocrx_word' id='word_1_145' title='bbox 764 2375 926 2439; x_wconf 76' lang='lat' dir='ltr'>Oceanum.</span> 
     </span>
     <span class='ocr_line' id='line_1_28' title="bbox 254 2450 926 2536; baseline 0.013 -27"><span class='ocrx_word' id='word_1_146' title='bbox 254 2450 359 2511; x_wconf 71' lang='lat' dir='ltr'>Credo</span> <span class='ocrx_word' id='word_1_147' title='bbox 378 2454 469 2514; x_wconf 88' lang='lat' dir='ltr'>libero</span> <span class='ocrx_word' id='word_1_148' title='bbox 488 2453 682 2516; x_wconf 86' lang='lat' dir='ltr'>commeantes</span> <span class='ocrx_word' id='word_1_149' title='bbox 701 2455 793 2525; x_wconf 86' lang='lat' dir='ltr'>mari,</span> <span class='ocrx_word' id='word_1_150' title='bbox 815 2458 926 2536; x_wconf 81' lang='lat' dir='ltr'>saepius·</span> 
     </span>
     <span class='ocr_line' id='line_1_29' title="bbox 255 2531 926 2616; baseline 0.01 -26"><span class='ocrx_word' id='word_1_151' title='bbox 255 2551 316 2607; x_wconf 72' lang='lat' dir='ltr'>que</span> <span class='ocrx_word' id='word_1_152' title='bbox 327 2531 457 2593; x_wconf 88' lang='lat' dir='ltr'>adeundo</span> <span class='ocrx_word' id='word_1_153' title='bbox 467 2534 566 2595; x_wconf 89' lang='lat' dir='ltr'>cereris</span> <span class='ocrx_word' id='word_1_154' title='bbox 576 2535 735 2616; x_wconf 85' lang='lat' dir='ltr'>incognitas</span> <span class='ocrx_word' id='word_1_155' title='bbox 744 2552 855 2606; x_wconf 86' lang='lat' dir='ltr'>terras,</span> <span class='ocrx_word' id='word_1_156' title='bbox 872 2538 926 2597; x_wconf 86' lang='lat' dir='ltr'>eie-</span> 
     </span>
     <span class='ocr_line' id='line_1_30' title="bbox 255 2609 925 2692; baseline 0.006 -23"><span class='ocrx_word' id='word_1_157' title='bbox 255 2609 925 2692; x_wconf 47' lang='lat' dir='ltr'>nisseredesjuventuti,quatuncabundabants</span> 
     </span>
     <span class='ocr_line' id='line_1_31' title="bbox 252 2690 925 2773; baseline 0.004 -22"><span class='ocrx_word' id='word_1_158' title='bbox 252 2709 308 2752; x_wconf 72' lang='lat' dir='ltr'>ceu</span> <span class='ocrx_word' id='word_1_159' title='bbox 324 2690 390 2770; x_wconf 78' lang='lat' dir='ltr'>quie</span> <span class='ocrx_word' id='word_1_160' title='bbox 404 2691 507 2754; x_wconf 85' lang='lat' dir='ltr'>crebris</span> <span class='ocrx_word' id='word_1_161' title='bbox 525 2691 652 2756; x_wconf 83' lang='lat' dir='ltr'>motibus</span> <span class='ocrx_word' id='word_1_162' title='bbox 665 2712 764 2773; x_wconf 73' lang='lat' dir='ltr'>terra,</span> <span class='ocrx_word' id='word_1_163' title='bbox 785 2702 856 2756; x_wconf 85' lang='lat' dir='ltr'>nam</span> <span class='ocrx_word' id='word_1_164' title='bbox 873 2692 925 2756; x_wconf 77' lang='lat' dir='ltr'>hoc</span> 
     </span>
    </p>
   </div>
   <div class='ocr_carea' id='block_1_2' title="bbox 0 0 986 3632">
    <p class='ocr_par' dir='ltr' id='par_1_3' title="bbox 0 0 986 3632">
     <span class='ocr_line' id='line_1_32' title="bbox 0 0 986 3632; baseline 0 2"><span class='ocrx_word' id='word_1_165' title='bbox 0 0 986 3632; x_wconf 95' lang='lat' dir='ltr'> </span> 
     </span>
    </p>
   </div>
  </div>
 </body>
</html>
