2002 3636
257 254 290 307 'st
360 253 387 305 J.
421 254 611 308 FREINSH.
646 249 845 309 supplente

257 342 347 399 nibus,
370 341 479 391 aerarium
500 342 651 393 exhauserat.
679 342 832 392 Macedonia
853 339 939 393 etim-

257 410 416 461 instauranda
426 410 586 474 ornandaeque
595 424 696 474 magnos
711 426 803 460 sumtus
818 413 935 468 lecerat,

256 494 313 527 cum
329 477 504 541 pauperrimam
520 475 664 540 accepisset.
683 480 764 540 Ipsum
777 476 843 528 inter
858 474 933 526 initia

255 543 327 609 regni
347 560 445 594 tenuem
464 544 563 601 fuisse,
585 559 613 594 et
630 560 685 592 cum
705 560 736 594 ex
754 544 933 610 quinquaginta

256 611 379 662 drachmis
404 610 456 661 anri
474 611 592 675 poculum
610 609 713 660 baberet
729 645 738 668 ,
766 610 793 660 id
818 610 933 660 cubitum

256 693 357 729 euntem
379 677 454 743 capiti
472 677 603 739 subjecisse
622 675 734 741 plerique
756 675 934 730 meminerant·

256 747 338 805 Hujus
355 761 416 811 ergo
436 744 501 794 filius
519 744 586 794 bello
601 742 728 794 lacessivit
747 760 835 811 regem
845 746 933 794 Persa.

256 827 329 870 rum,
351 813 389 862 cui
404 828 516 862 somnum
531 809 638 875 capienti
655 809 761 887 quinque
777 812 931 862 talentorum

257 879 310 929 auri
326 878 404 929 millia
416 896 462 944 pro
477 877 593 930 cervicali
608 912 616 935 ,
638 892 686 928 trra
701 878 801 942 argenti
812 896 860 943 pro
877 896 932 928 sca-

255 946 345 1005 bello,
365 948 409 996 sub
422 946 501 1010 capite
516 944 665 1010 pedibusque
679 944 782 1003 lectuli,
799 944 932 1008 peculiari-

257 1013 301 1063 bus
318 1013 437 1064 cubiculis
453 1014 611 1064 servabantur
626 1030 635 1063 t
650 1028 783 1077 quanquam
799 1013 830 1061 ad
845 1029 931 1078 pater-

255 1095 316 1130 num
327 1097 358 1130 aes
365 1081 471 1130 alienum
485 1079 628 1145 octingenta
641 1078 740 1142 insuper
753 1080 863 1138 talenta,
878 1095 932 1145 quar

254 1147 307 1211 ipse
322 1162 407 1197 mutuo
423 1160 557 1204 sumserat,
579 1145 716 1207 adjecisset.
732 1147 767 1196 Ex
782 1145 871 1211 quibus
885 1146 930 1197 virt

254 1213 350 1264 decima
364 1213 450 1277 portio
467 1228 602 1278 supererat.
616 1212 724 1263 Solvisse
739 1228 818 1263 autem
835 1212 930 1263 dicitur

253 1280 388 1331 Timotheo
400 1279 468 1331 tibiis
483 1278 646 1337 concinente,
664 1297 803 1344 summaque
818 1279 931 1332 militum

253 1346 397 1404 alacritate,
415 1363 474 1411 opes
491 1347 665 1404 barbarorum,
682 1364 742 1411 quos
758 1363 928 1413 oppugnatum

256 1414 338 1472 irent,
359 1430 426 1464 certa
434 1413 523 1464 fiducia
533 1413 581 1464 sibi
590 1413 772 1465 destinandum.
783 1416 840 1463 Hoc
850 1416 929 1465 modo

255 1497 300 1545 per
316 1484 413 1541 lacum,
432 1498 504 1547 quem
520 1479 620 1533 aritini
628 1480 720 1531 montis
733 1480 832 1533 nomine
845 1483 930 1534 Cerei-

256 1553 322 1601 uiten
338 1564 448 1606 vocant,
466 1547 507 1599 ubi
523 1549 628 1598 classem
639 1547 761 1606 habebat,
779 1547 806 1598 in
819 1553 933 1616 Strymo·

255 1631 312 1667 nem
325 1616 457 1673 invectust
471 1614 656 1680 Amphipolin,
673 1629 702 1664 et
714 1613 801 1665 deiude
818 1617 848 1666 ad
863 1616 929 1666 ostia

254 1683 391 1749 Strymonis
407 1682 544 1745 processit:
555 1699 602 1746 quo
617 1682 736 1742 traiecto,
752 1698 839 1745 prater
852 1699 931 1734 mon·

254 1764 306 1801 tem
316 1750 443 1816 Pangaeum
451 1747 536 1809 ,viam
545 1748 666 1815 ingressus
676 1764 729 1806 est,
740 1765 789 1813 qua
799 1749 928 1802 Abderam

255 1833 280 1868 et
289 1815 524 1868 Maroneamducit.
533 1818 600 1867 Nam
607 1815 633 1865 in
643 1814 720 1865 litore
730 1815 776 1866 iter
787 1820 868 1868 facere
878 1817 930 1868 ins·

253 1883 374 1944 timeret,
389 1901 416 1935 ut
426 1882 528 1934 navibus
538 1881 587 1934 suis
596 1919 608 1942 ,
621 1898 671 1949 quae
680 1885 747 1947 juxta
757 1885 908 1935 ducebantur
917 1922 929 1945 ‚

253 1950 368 2027 presidio
376 1967 451 2008 esset,
461 1949 482 1999 si
488 1952 567 2000 Persae
573 1953 639 2000 forte
648 1949 812 2001 occurrissent
821 1953 929 2017 {quippe

253 2017 295 2066 reti
312 2033 365 2068 tum
379 2017 453 2068 etiam
468 2015 541 2066 maris
557 2015 686 2082 imperium
704 2016 858 2071 obtinebant.
876 2018 929 2083 Ipsi

254 2084 319 2134 enim
343 2084 444 2135 modica
467 2083 573 2142 classis,
598 2099 627 2136 at
643 2086 705 2148 apud
725 2085 807 2135 hostes
830 2086 929 2153 Cypria

252 2150 429 2218 Phoeniciaeque
444 2167 539 2211 naves,
555 2150 692 2217 assuetique
708 2151 837 2204 maritimis
855 2155 930 2206 rebus

252 2218 385 2276 classiarii,
403 2235 428 2270 et
445 2217 641 2269 exercitatissimi
654 2219 757 2284 remiges
770 2235 847 2272 erant.
860 2224 930 2274 Nam

252 2285 416 2351 Macedonia,
432 2301 510 2349 nuper
522 2299 620 2337 tentato
635 2285 709 2337 maris
723 2285 850 2350 imperio,
865 2306 932 2339 non.-

253 2354 312 2402 dnm
325 2353 462 2404 abundabat
472 2351 573 2402 navibus
585 2366 592 2409 3
609 2366 634 2402 et
643 2370 655 2402 a
665 2352 741 2403 sociis
750 2353 859 2421 maligne
868 2374 932 2422 pre.-

252 2414 381 2469 bcbautnr.
394 2420 474 2470 Etiam
488 2416 670 2480 Athenienses,
687 2437 745 2471 cum
759 2422 789 2472 ab
804 2422 866 2486 ipsis
883 2424 930 2476 tri·

252 2500 332 2537 remes
347 2501 504 2550 peterentur,
525 2501 617 2537 tanturn
628 2485 818 2540 XXmiserunt:
836 2508 933 2558 sugge-

251 2551 362 2621 rentibus
384 2571 468 2604 eorum
492 2553 648 2611 oratoribus,
662 2557 796 2622 perieulum
812 2575 883 2618 esse,
899 2579 933 2615 ne

251 2625 325 2673 classe
334 2636 427 2696 accepta
437 2635 522 2671 contra
532 2638 569 2672 cos
581 2656 589 2676 ,
603 2622 643 2686 qui
651 2622 786 2679 misissent,
803 2640 929 2679 ureretur.¹

248 2690 288 2757 nr
300 2687 332 2741 iis
345 2689 411 2742 locu
421 2689 453 2740 ad
459 2687 571 2759 Hebrum
585 2684 691 2757 fluuium
705 2689 860 2759 contendit:
875 2710 930 2767 quq
