1994 3632
265 263 455 332 LIBER
505 266 580 336 Νι
699 273 759 354 '2'1'3'

1 419 2 432 2
77 366 211 449 conspici
229 387 354 448 poterat.
372 370 427 430 Sed
441 371 556 454 caligo,
579 388 665 450 quarn
682 374 760 435 circa

78 448 191 510 humidi
204 449 363 511 effuderant
372 468 504 520 montes,
523 452 683 512 universam
695 454 758 530 qui·

78 530 145 590 dem
162 530 206 589 rei
221 529 331 589 faciem
341 549 400 589 non
416 529 685 591 abstulitsceterum
703 553 758 613 ag-

78 609 195 667 minum
203 608 369 668 discrimina
380 626 462 685 atque
474 608 604 671 ordinem
613 607 759 685 prohibuit

78 687 214 764 perspici.
239 687 396 748 Multitudo
411 688 596 749 inundaverat
614 709 757 765 campos:

77 766 270 844 fremitusque
280 782 325 826 tot
334 767 459 826 millium
468 768 556 827 etiam
567 768 667 844 procul
679 787 759 829 stan·

77 846 152 904 tium
176 864 262 906 aures
283 844 464 923 impleverat.
492 844 636 906 Fluctuari
658 848 758 911 animo

77 944 152 994 rex,
173 942 206 986 et
223 923 314 985 modo
333 946 436 994 suurn,
455 924 545 984 modo
563 925 760 990 Parmenionis

78 1002 242 1064 consilium
273 1023 334 1063 sera
363 1004 549 1079 animatione
574 1004 760 1082 perpendere.

82 1082 203 1160 Quippe
213 1103 253 1143 eo
263 1099 380 1145 ventum
390 1101 470 1152 erat,
490 1083 565 1165 unde
576 1083 666 1161 recipi
674 1102 761 1145 exer-

80 1161 153 1222 citus
173 1162 230 1223 nisi
249 1162 367 1231 victor,
392 1162 452 1223 sine
469 1162 550 1223 clade
572 1183 634 1224 non
652 1182 758 1239 posset.

80 1245 96 1316 (
110 1225 257 1304 Moveirat
267 1241 356 1301 etiam
365 1260 433 1301 eum
442 1243 596 1303 multitudo
606 1242 756 1312 hostiurn,

79 1338 212 1399 respectu
220 1320 370 1398 paucitatis
378 1341 432 1379 sne
439 1322 548 1400 gentis:
558 1323 603 1382 sed
614 1323 756 1384 interdum

80 1401 232 1477 reputabat
243 1440 256 1467 ,
273 1415 390 1476 quantas
399 1418 442 1459 res
452 1421 518 1460 cum
529 1398 583 1461 hac
591 1420 678 1482 gente
687 1421 756 1481 ges-

8 1512 20 1531 ι
79 1479 175 1548 sisset,
191 1495 368 1556 quantosque
378 1480 502 1556 populos
511 1480 633 1541 fudisset.
644 1481 756 1558 Itaque,

80 1577 147 1619 cum
174 1579 239 1636 spes
265 1576 375 1618 metum
402 1559 549 1627 vinceret,
571 1560 759 1637 periculosius

1 1679 2 1706 1
81 1638 194 1699 bellurn
215 1635 326 1697 differre
345 1654 441 1706 ratus,
465 1659 504 1699 ne
524 1637 681 1716 desperatio
701 1639 757 1699 suis

81 1736 241 1789 eresceret3
259 1717 273 1786 )
291 1715 464 1776 dissimulato
481 1738 541 1786 eo,
560 1715 758 1778 mercenarium

80 1796 200 1857 etitem
220 1815 260 1856 ex
278 1791 395 1857 Poeonia
413 1793 565 1874 praetedere
586 1797 673 1874 jubet.
687 1790 758 1872 ¹lpse

80 1895 97 1953 p
164 1895 276 1955 ngem‚
291 1876 362 1935 sicut
371 1892 454 1935 antea
466 1875 573 1935 dictum
585 1891 644 1942 est,
657 1874 686 1933 in
697 1875 758 1935 duo

81 1975 190 2016 cornua
199 1954 539 2031 extenderatzrrtrumqae
550 1974 639 2013 cornu
648 1954 758 2031 equites

80 2051 107 2095 te
128 2038 230 2095 ebant.
253 2033 375 2110 Jamque
398 2033 514 2093 nitidior
536 2032 609 2102 lux,
632 2032 756 2096 discussa

79 2054 205 2195 caiigine
221 2153 234 2180 ‚
256 2113 348 2173 aciem
371 2109 497 2172 hostiurn
519 2110 704 2171 ostenderat:
725 2130 756 2174 et

1 2245 3 2252 ,
79 2192 277 2261 Macedones,
291 2191 349 2252 sive
361 2191 526 2257 alacritate,
539 2189 598 2249 sive
610 2188 692 2249 radio
704 2209 756 2251 exe

78 2271 266 2349 pensatione,
278 2270 442 2350 ingentem,
454 2267 643 2350 pugnantium
653 2288 758 2341 more,

81 2350 196 2411 edidere
216 2351 387 2410 clamorem.
406 2349 539 2409 Redditus
557 2365 586 2408 et
601 2370 619 2408 a
638 2348 756 2419 Persis,

79 2449 203 2489 nemora
233 2429 378 2505 vailesque
411 2427 605 2505 circumjectas
635 2429 756 2491 terribiii

81 2528 155 2568 sono
171 2508 357 2585 impleverat.
371 2506 437 2566 Nec
448 2506 513 2584 ‘jam
531 2506 670 2569 contineri
690 2509 753 2569 Ma·

71 2587 205 2649 ¹cedones
222 2605 380 2664 poterant,
403 2586 573 2662 quincussis
590 2608 703 2664 quoque
716 2586 755 2647 ad

78 2664 197 2730 hostem
215 2665 432 2734 conterrderent.
447 2665 557 2729 Melius
570 2665 662 2731 adhuc
680 2682 758 2739 tatus
