1958 3630
238 307 429 377 LIBER
466 311 574 375 VH.
671 327 776 396 ψ,

3 444 4 451 1
66 408 151 472 donis
167 405 355 483 honoramut5
378 429 439 471 cum
449 408 574 490 pramiir
590 408 682 471 onusti
696 428 746 469 re·

67 489 223 558 vertimur,
237 487 385 567 quirferre
396 506 447 549 not
456 491 573 570 potest?
588 488 649 568 quir
663 487 743 549 illam

67 567 222 630 animorum
233 566 409 644 alacritatem
423 568 589 629 continere?
605 565 744 628 Militan-

66 648 139 708 tium
152 667 203 706 nec
215 645 394 726 indignatio,
416 668 466 708 nec
485 645 586 708 latitia
603 644 744 707 moderata

69 732 124 787 est.
139 722 187 785 Ad
199 745 292 785 omnes
303 720 420 865 quatur
430 726 531 806 impetu
543 724 677 806 rapimur.
688 717 718 787 V
715 725 744 783 ι’-

67 823 246 885 tuperamut,
263 803 307 865 lau
328 825 428 874 amus,
444 804 623 874 miseremur,
639 801 741 865 irasci-

69 904 158 954 mur,
185 899 327 963 utcumque
351 904 475 965 praesens
506 882 591 944 mouit
619 879 744 963 affectio

69 959 160 1024 Modo
171 960 282 1023 Indiam
292 961 368 1024 adire
378 981 406 1024 er
416 960 556 1025 Oceanum
566 960 633 1023 liber
640 982 654 1034 ,·
666 958 745 1021 modo

69 1043 263 1123 conjugum-et
280 1040 425 1103 liberorum
447 1041 596 1122 patriaque
614 1039 745 1107 memoria

71 1121 201 1184 occurrit.
214 1118 271 1181 Sed
284 1120 335 1181 ltus
349 1121 551 1202 cogitationes,
565 1119 616 1181 das
626 1121 701 1181 inter
713 1137 745 1179 se

70 1198 281 1280 colloquentium
302 1219 404 1270 uoces,
432 1200 543 1281 signnm
566 1199 630 1261 tuba
649 1197 744 1261 datum

62 1276 137 1361 finit
149 1305 158 1340 :
169 1278 200 1340 in
211 1298 275 1338 suos
292 1277 402 1339 ordines
413 1280 524 1359 quisque
540 1279 695 1347 currimus,
715 1293 744 1337 et

70 1355 204 1438 quidquid
222 1355 325 1418 irarum
342 1356 372 1419 in
389 1356 565 1420 tabernaculo
586 1354 744 1447 conceptum

71 1456 136 1506 eso,
161 1435 191 1497 in
209 1435 327 1496 hostium
345 1434 494 1516 effunditur
510 1430 612 1516 capita.
626 1436 742 1500 Utinam

70 1512 745 1596 Philotasquoqueimravendopeccastet.Proin·

72 1594 106 1656 de
120 1593 199 1656 adid
214 1612 355 1666 reuertar,
374 1591 563 1687 propterquod
578 1592 620 1656 rei
637 1610 744 1656 sumus.

70 1664 255 1742 Amicitiam,
281 1693 339 1748 oute
364 1671 442 1735 nolus
458 1693 518 1734 cum
534 1670 647 1734 Philota
658 1669 743 1748 fuit,

72 1753 141 1815 adeo
159 1773 213 1813 non
231 1772 262 1815 eo
282 1751 410 1832 infitias,
431 1770 461 1812 ut
481 1751 620 1833 expetisse
641 1768 743 1831 quoque

70 1853 151 1903 nor,
175 1850 340 1911 magnosque
359 1852 395 1893 ex
415 1851 447 1892 ea
458 1828 569 1907 fructus
585 1826 745 1910 percepisse

71 1910 214 1990 confitear.
230 1910 276 1970 An
290 1931 352 1971 uero
363 1907 580 1979 Parmenionis,
599 1927 675 1987 quem
692 1902 747 1969 tili

68 1989 228 2074 proximum
239 2008 300 2050 esse
311 1987 423 2050 uoluisti
431 1987 665 2069 ,filiumromnes
672 2003 745 2065 peno

72 2069 177 2132 amicos
192 2087 253 2129 tuos
267 2065 428 2147 dignatione
443 2068 618 2138 uincentem,
641 2064 745 2129 cultum

69 2171 89 2211 a
101 2148 182 2211 nobis
193 2166 256 2208 esse
266 2146 400 2209 miraris?
414 2147 457 2207 Tu
469 2144 596 2214 hercule,
613 2144 638 2204 si
652 2162 745 2205 uerum

72 2226 172 2290 audire
186 2227 252 2296 uit,
267 2245 335 2296 rex,
354 2225 434 2304 liujus
446 2223 524 2285 nobit
531 2220 647 2303 periculi
658 2230 745 2284 causa

73 2327 114 2371 es.
131 2301 210 2387 Quis
224 2304 296 2366 enim
309 2303 382 2366 alius
396 2302 508 2386 effecit,
525 2319 554 2361 ut
565 2299 601 2361 ad
610 2297 746 2360 Philotan

73 2384 269 2455 decurrerent,
289 2382 334 2462 nui
352 2382 461 2467 placere
482 2379 583 2442 vellent
604 2377 656 2440 tibi
668 2380 683 2440 i
699 2376 744 2438 Ab
780 2406 783 2411 ·

29 2496 32 2501 ·
73 2464 121 2526 illo
143 2461 242 2523 traditi
259 2462 294 2523 ael
312 2462 383 2523 lutuno
403 2459 520 2542 gradum
538 2458 670 2520 amicitiae
689 2475 745 2518 ruoe

72 2540 259 2606 ascendimus.
278 2539 307 2602 Is
321 2539 392 2622 apud
403 2560 429 2602 te
438 2538 519 2616 fuir,
539 2536 746 2618 tujttsgrotiam

72 2639 201 2702 expetere
213 2640 226 2692 ;
244 2637 271 2681 et
283 2620 352 2681 iram
363 2619 458 2682 timere
466 2638 618 2699 possemus.
631 2615 676 2677 An
689 2633 758 2677 nouv

68 2697 261 2785 propemodum
280 2698 310 2761 in
333 2716 381 2762 tua
401 2697 508 2769 ucria,
531 2696 572 2758 rui
599 2713 691 2757 onnes
716 2710 745 2755 te
