1968 3636
241 292 302 364 ’,σε
422 277 465 363 Q.
505 278 750 347 curru

242 382 368 463 recepit,
387 383 611 462 protinusaltior
625 383 770 444 insecutus
782 396 828 443 est
838 401 920 444 sotu-

241 486 305 529 nus.
318 464 363 525 Ex
379 485 438 542 quo
453 463 591 525 excitatus
603 482 654 543 per
671 459 796 539 quierem
811 461 921 524 vidisse

239 564 272 604 se
290 564 327 604 ux
346 544 408 613 onir
425 541 545 623 speciem
564 538 692 602 draconis
708 537 836 602 oblatam
856 539 921 601 her·

239 621 303 683 bam
316 565 441 700 ferentis
459 641 526 691 ore,
547 641 627 700 quam
645 618 746 681 veneni
765 619 920 680 remedium

240 721 304 763 esse
327 718 519 764 monstrasset,
549 698 677 762 Colorem
698 718 807 777 quoque
830 698 921 760 herbe

239 778 563 863 referebat‚aguiturum
573 778 600 839 si
611 777 671 856 quis
682 777 837 857 reperisset
846 777 921 840 affir-

240 880 334 922 mans.
345 862 550 936 inventamque
560 859 681 928 deinde,
697 856 922 935 quippeamul·

242 939 280 1001 tii
291 958 350 1002 erat
360 939 492 1016 requisita
503 978 513 1006 ‚
525 937 635 1000 vulneri
647 938 789 1015 imposuit
802 959 811 997 e
826 938 919 1015 proti·

242 1038 351 1098 nusque
363 1019 463 1080 dolore
479 1017 582 1087 finito,
604 1017 675 1077 intra
686 1018 776 1078 breve
795 1017 919 1094 spatium

242 1096 363 1163 cicatrix
382 1116 505 1175 quoque
515 1096 636 1159 obducta
652 1112 705 1158 est.
725 1096 870 1157 Barbaros
887 1112 917 1155 ut

243 1177 338 1255 prima
359 1196 419 1255 spes
437 1176 594 1244 fefellerat,
616 1195 646 1235 se
661 1175 740 1252 ipsos
761 1178 917 1252 urbemque

243 1255 420 1321 dediderunt.
445 1253 526 1317 Hinc
551 1256 583 1317 in
609 1256 774 1331 proximam
824 1273 918 1315 entem

242 1332 403 1395 Parhaliarn
413 1352 583 1410 perventum
592 1350 643 1394 est.
653 1335 717 1395 Rex
727 1352 791 1393 erat
837 1334 917 1403 oerir,

242 1412 292 1490 qui
303 1416 370 1474 urbe
382 1413 489 1474 deserta
504 1414 535 1473 in
550 1433 661 1476 montes
669 1412 850 1493 profugerat.
864 1417 918 1474 lta·

243 1512 299 1569 que
318 1491 481 1553 Alexander
500 1493 605 1571 oppido
626 1494 756 1572 potitur,
780 1510 917 1573 agrosque

244 1571 407 1649 populatur·
426 1571 540 1651 Magnae
561 1571 625 1633 inde
645 1570 744 1650 praedae
765 1591 839 1635 actae
857 1589 919 1634 sunt

243 1670 384 1727 pecorum
396 1670 645 1728 armentorumque
657 1690 669 1725 ,Ι
690 1670 799 1729 magua
816 1653 860 1713 vis
873 1671 918 1711 re·
972 1686 973 1695 κ

244 1748 325 1808 perta
336 1729 481 1790 frumenti.
495 1728 624 1790 Ducibus
633 1729 732 1792 deinde
744 1732 845 1791 sumtis
857 1751 919 1791 aru·

244 1809 289 1871 uis
298 1809 409 1887 peritis,
421 1806 538 1870 defluxit
547 1809 582 1869 ad
590 1809 713 1871 insulam
721 1808 822 1871 medio
830 1813 920 1872 ferme

243 1888 332 1953 alveo
343 1906 469 1951 enatam.

284 1966 485 2031 Cnu.IX.1bi
498 1965 600 2029 diutius
618 1966 766 2038 subsistere
781 1982 918 2038 mnus,

244 2043 310 2122 'quia
321 2045 406 2106 duces
414 2045 560 2105 socordius
571 2047 702 2108 asservati
713 2047 920 2127 profugerant,

245 2124 325 2185 misit
333 2125 381 2201 qui
392 2125 592 2202 conquirerent
601 2126 696 2199 aliort
715 2147 770 2185 nec
782 2127 919 2203 repertis,

244 2204 380 2282 pervicax
390 2205 493 2281 cupido
504 2204 615 2265 incessit
625 2206 733 2267 visendi
744 2204 918 2273 Oceanum,

244 2282 420 2360 adeundique
437 2283 573 2343 terminos
589 2284 688 2345 mundi
700 2325 710 2352 ‚
724 2284 786 2344 sine
796 2284 918 2367 regionis

243 2361 361 2438 peritis,
383 2359 493 2423 flumini
513 2363 615 2442 ignoto
636 2370 723 2441 capu‘t
740 2385 846 2433 suum,
863 2382 918 2424 tot-

244 2458 300 2516 que
320 2439 540 2502 fortissimorum
562 2444 690 2503 virorum
708 2443 833 2502 salutem
854 2462 918 2521 per·

244 2518 369 2581 mittere.
381 2518 564 2600 Navigabant
575 2541 646 2600 ergo
655 2521 788 2581 omnium
797 2541 851 2597 per
858 2543 919 2598 que
969 2558 970 2601 p

244 2597 405 2661 ferebantur
424 2599 528 2681 ignari.
550 2598 700 2676 Quantum
723 2599 791 2659 inde
812 2603 917 2661 abeeet

246 2696 348 2755 matu
365 2700 426 2759 que
439 2696 540 2762 gentes
556 2680 709 2758 eolertntp
724 2700 812 2759 quam
826 2679 917 2759 plagit
968 2722 969 2759 3
